@STRING(PRL="Phys. Rev. Lett.")
@STRING(PLB="Phys. Lett. B")
@STRING(NPA="Nucl. Phys. A") 
@STRING(JPA="J. Phys. A: Math. Gen.")
@STRING(PRA="Phys. Rev. A")
@STRING(PRP="Phys. Rep.") 

@article{pieper1,
author="B.S. Pudlinger and V.R. Pandharipande and J. Carlson and R. Wiringa",
journal=PRL, 
volume=74,
pages=4396,
year=1995,
}

@article{pieper2, 
author="B. S. Pudlinger and V. R. Pandharipande and J. Carlson and Steven C. Pieper and R. B. Wiringa",
journal=PRC, 
volume=56,
pages=1720,
year=1997
}



@article{pieper3, 
author="R. B. Wiringa and Steven C. Pieper and J. Carlson and V. R. Pandharipande",
volume=62,
journal=PRC, 
year=2000,
PAGES=014001
}

@article{pieper4,
author="Steven C. Pieper and R. B. Wiringa", 
journal="Ann. Rev. Nucl. Part. Sci.",
volume= 51, 
year=2001,
pages=53,
}


@article{pieper5, 
author="Steven C. Pieper and V. R. Pandharipande and R. B. Wiringa and J. Carlson",
journal=PRC,
volume=64,
year=2001, 
pages=014001
}

@article{pieper6,
author="Steven C. Pieper and K. Varga and R. B. Wiringa",
journal=PRC, 
volume=66,
pages=044310,
year=2002
}



@article{noga,
author="J.~Noga and M. ~ Urban",
journal="Theor.~Chim.~Acta",
year=1988, 
volume=73,
pages=291
}

@article{Musial,
author="M.~Musial and R.~J~Bartlett",
journal="J. Chem. Phys.",
year=2004, 
volume=121,
pages=1670
}


@article{Fire,
author="R.~B.~Firestone and V.~S.~Shirley and C.~M.~Baglin and S.~Y.~Frank Chu and J.~Zipkin", 
journal="Table of Isotopes, Eighth Edition (Wiley Interscience, New York)",
year="1996"
}

@article{vaut1, 
author="D.~Vautherin and M.~V{\'e}n{\'e}roni",
journal=PLB,
volume=25,
title="{Solution of the nuclear Hartree-Fock equations in coordinate space}",
year=1957,
pages=175
}

@article{rotter1, 
author="H.W.~Barz and I.~Rotter and J.H{\"o}hn",
journal=NPA,
volume=275,
title="{Coupled channels calculations in the continuum shell model with complicated configurations}",
year=1977,
pages=111
}

@article{zhuk, 
author="V. Zhukov and B.V. Danilin and D.V. Fedorov 
and J.M. Bang and I.J. Thompson and J.S. Vaagen",
journal="Phys. Rep.", 
volume="231",
title="{Bound State Properties of Borromean Halo Nuclei: $^6$He and $^{11}$Li}",
year=1993,
pages=151
}

@article{Jimmy_PRL,
   author="J.~Rotureau and J.~Oko{\l}owicz and M.~P{\l}oszajczak", 
   journal=PRL,
   volume=95,
   pages=042503, 
   year=2005,
   title="{Microscopic Theory of the Two-Proton Radioactivity}"
}

@article{schwenk,
author="A. Schwenk",
journal="J. Phys. G",
pages=1273,
volume=31,
year=2005,
title="{Low-momentum interactions for nuclei}"
}

@article{bogner, 
author="Scott Bogner and T. T. S. Kuo and L. Coraggio and 
A. Covello and N. Itaco",
journal=PRC,
pages=051301,
volume=65,
year=2002,
title="{Low Momentum Nucleon-Nucleon Potential and Shell Model 
Effective Interactions}"
}

@article{fujii2,
author="S. Fujii and H. Kamada and R. Okamoto and K. Suzuki",
journal= "nucl-th",
pages=0406082,
year=2004,
title="{Dependence of Nuclear Binding Energies on the Cutoff Momentum of Low-Momentum Nucleon-Nucleon Interaction}"
}

@article{fujii,
author="S. Fujii and E. Epelbaum and H. Kamada and R. Okamoto and 
K. Suzuki and W. Gl{\"o}ckle",
journal=PRC,
volume=70,
year=2004,
pages=024003,
title="{Low-Momentum Nucleon-Nucleon Interaction and its application to the 
Few-Nucleon Systems}"
}

@ARTICLE{doba1,
AUTHOR= "J.~Dobaczewski, H.~Flocard, J.~Treiner",
JOURNAL=NPA,
   VOLUME=422,
   PAGES=103,
   YEAR=1984
}

@article{nogga,
author="Andreas Nogga and Scott K. Bogner and Achim Schwenk",
journal=PRC,
volume=70,
pages=061002,
year=2004,
title="{Low-Momentum Interaction in Few-Nucleon Systems}"
}


@ARTICLE{michel1,
AUTHOR= "N.~Michel and W.~Nazarewicz and M.~P{\l}oszajczak",
JOURNAL=PRC,
   VOLUME=70,
   PAGES=064313, 
   YEAR=2004
}

@ARTICLE{michel2,
title= "Gamow shell-model description of weakly hound and unbound nuclear states",
Author= "N.~Michel and W.~Nazarewicz and M.P{\l}oszajczak and J.~Rotureau",
journal= "Rev. Mex. Fis.",
volume="50 Suppl.~2",
pages= 74,
year= 2004
}

@ARTICLE{michel3,
AUTHOR= "J.~Dobaczewski and N.~Michel and W.~Nazarewicz and 
  M.~P{\l}oszajczak and M.~V.~Stoitsov",
JOURNAL="nucl-th/0401034",
year=2004
}


@ARTICLE{michel4,
AUTHOR= "N.~Michel and  W.~Nazarewicz and M.~P{\l}oszajczak  and J.~Rotureau", 
JOURNAL="unpublished",
year=2006
}


@ARTICLE{michel5,
AUTHOR= "N.~Michel and  W.~Nazarewicz and M.~P{\l}oszajczak  and J.~Rotureau", 
JOURNAL="nucl-th/0601055, submitted to Phys. Rev. Lett.",
year=2006
}

 
@ARTICLE{liotta,
   AUTHOR="R.~J.~Liotta and E.~Maglione and N.~Sandulescu and T.~Vertse",
   JOURNAL=PLB,
   VOLUME=367,
   PAGES=1,
   YEAR=1996
}

@ARTICLE{betan,
   AUTHOR="R.~{IdBetan} and R.~J.~Liotta and N.~Sandulescu and T.~Vertse",
   JOURNAL=PRC,
   VOLUME=67,
   PAGES=014322, 
   YEAR=2003
}

@ARTICLE{witek1,
   AUTHOR="N.~Michel and W.~Nazarewicz and M.~P{\l}oszajczak and K.~Bennaceur", 
   JOURNAL=PRL,
   VOLUME=89,
   PAGES=042502, 
   YEAR=2002
}

@ARTICLE{witek2,
   AUTHOR="N.~Michel and W.~Nazarewicz and M.~P{\l}oszajczak and J.~Oko{\l}owicz", 
   JOURNAL=PRC,
   VOLUME=67,
   PAGES=054311,
   YEAR=2003
}

@ARTICLE{roberto,
   AUTHOR="R.~{IdBetan} and R.~J.~Liotta and N.~Sandulescu and T.~Vertse", 
   JOURNAL=PRL,
   VOLUME=89,
   PAGES=042501, 
   YEAR=2002
}


@ARTICLE{betan2,
   AUTHOR="R.~{IdBetan} and R.~J.~Liotta and N.~Sandulescu and T.~Vertse", 
   JOURNAL="Phys. Lett. B",
   VOLUME=584,
   PAGES=48,
   YEAR=2004 
}

@ARTICLE{gyarmati1,
   AUTHOR="B.~Gyarmati and T.~Vertse",
   JOURNAL=NPA,
   VOLUME=160,
   PAGES=523,
   YEAR=1971
}

@article{csm1, 
author="K.~Bennaceur and F.~Nowacki and J.~Oko{\l}owicz and M.~P{\l}oszajczak",
journal=NPA,
volume=651, 
pages=289,
year=1999
}

@article{csm2, 
author="K.~Bennaceur and F.~Nowacki and J.~Oko{\l}owicz and M.~P{\l}oszajczak",
journal=NPA, 
volume=671,
pages=203,
year=2000
}

@article{csm3,
author="J.~Oko{\l}owicz and M.~P{\l}oszajczak and I.~Rotter",
journal="Phys. Rep.",
volume=374, 
pages=271,
year=2003
}

@ARTICLE{vz2003,
   AUTHOR="A.~Volya and V.~Zelevinsky", 
   JOURNAL=PRC,
   VOLUME=67,
   PAGES=054322, 
   YEAR=2003
}

@ARTICLE{berggren,
   AUTHOR="T.~Berggren",
   JOURNAL=NPA,
   VOLUME=109,
   PAGES=265,
   YEAR=1968
}

@ARTICLE{berggren1,
   AUTHOR="T.~Berggren",
   JOURNAL=NPA,
   VOLUME=169,
   PAGES=353,
   YEAR=1971
}

@ARTICLE{berggren2,
   AUTHOR="T.~Berggren",
   JOURNAL=PLB,
   VOLUME=73,
   PAGES=389,
   YEAR=1978
}

@ARTICLE{berggren3,
   AUTHOR="T.~Berggren",
   JOURNAL=PLB,
   VOLUME=373,
   PAGES=1,
   YEAR=1996
}

@ARTICLE{lind,
   AUTHOR="P.~Lind",
   JOURNAL=PRC,
   VOLUME=47,
   PAGES=1903,
   YEAR=1993
}

@ARTICLE{hagen1,
   AUTHOR="G.~Hagen and J.~S.~Vaagen and M.~Hjorth-Jensen", 
   JOURNAL=JPA,
   VOLUME=37,
   PAGES=8991,
   YEAR=2004
}


@ARTICLE{diis,
   AUTHOR="P.~Pulay",
   JOURNAL="Chem.~Phys.~Lett.",
   VOLUME=73,
   PAGES=393,
   YEAR=1980
}


@ARTICLE{balian69,
   AUTHOR="R.~Balian and E.Brezin",
   JOURNAL="Nuovo Cim.",
   VOLUME=61,
   PAGES=403,
   YEAR=1969
}


@ARTICLE{kain,
   AUTHOR="R.~J.~Harrison",
   JOURNAL="J.~Comput.~Chem.",
   VOLUME=25,
   PAGES=328,
   YEAR=2004
}

@ARTICLE{papenbrock,
   AUTHOR="T.~Papenbrock and G.~Hagen and D.~Dean and M.~Hjorth-Jensen", 
   JOURNAL="To be published",
   YEAR=2006
}



@ARTICLE{hagen3,
   AUTHOR="G.~Hagen and M.~Hjorth-Jensen and N.~Michel", 
   JOURNAL=PRC,
   VOLUME=37,
   PAGES=8991,
   YEAR=2006
}

@ARTICLE{jonson,
   AUTHOR="B.~Jonson",
   JOURNAL="Phys. Rep.",
   VOLUME=389,
   PAGES=1,
   YEAR=2004
}

@ARTICLE{nimrod,
   AUTHOR="N.~Moiseyev",
   JOURNAL="Phys. Rep.",
   VOLUME=302,
   PAGES=211,
   YEAR=1998
}

@ARTICLE{lanczo,
   AUTHOR="R.~R.~Whitehead and A.~Watt and B.~J.~Cole and I.~Morrison",
   JOURNAL="Adv.Nucl.Phys.",
   VOLUME=9, 
   PAGES=123, 
   YEAR=1977
}

@ARTICLE{suzuki1,
   AUTHOR="K.~Suzuki and S.~Y.~Lee", 
   JOURNAL="Progr.Theor.Phys.",
   VOLUME=64, 
   PAGES=2091, 
   YEAR=1980   
}

@ARTICLE{suzuki2,
   AUTHOR="K.~Suzuki",
   JOURNAL="Progr.Theor.Phys.",
   VOLUME=68, 
   PAGES=246, 
   YEAR=1982   
}

@ARTICLE{suzuki3,
   AUTHOR="K.\ Suzuki and R.\ Okamoto", 
   JOURNAL="Progr.Theor.Phys.",
   VOLUME=93, 
   PAGES=905, 
   YEAR=1995   
}


@ARTICLE{suzuki4,
   AUTHOR="S.~Fujii and E.~Epelbaum and H.~Kamada and R.~Okamoto and K.~Suzuki and W.~Gl{\"o}ckle", 
   JOURNAL=PRC,
   VOLUME=70, 
   PAGES=024003, 
   YEAR=2004   
}


@ARTICLE{suzuki5,
   AUTHOR="S.~Fujii and R.~Okamoto and K.~Suzuki", 
   JOURNAL=PRC,
   VOLUME=71, 
   PAGES=054301, 
   YEAR=2004   
}



@ARTICLE{multi1,
   AUTHOR="C.~Buth and R.~Santra and L.~S.~Cederbaum", 
   JOURNAL="PRA",
   VOLUME=69, 
   PAGES=032505,
   YEAR=2004   
}

@article{davidson1, 
author="E.~R.~Davidson",
journal="Comput.~Phys.~Commun.",
volume=53,
pages=49,
year=1989
}

@article{davidson2, 
author="E.~R.~Davidson",
journal="Comput.~Phys.",
volume=5,
pages=519,
year=1993
}

@article{davidson3,
author="E.~R.~Davidson and E.~Engdahl and N.~Moiseyev",
journal=PRA, 
volume=33,
pages=2436,
year=1986
}


@ARTICLE{multi2,
   AUTHOR="F.~Chen and E.~R.~Davidson and S.~Iwata", 
   JOURNAL="Int.J.Quantum Chem.",
   VOLUME=86,
   PAGES=256,
   YEAR=2002   
}


@ARTICLE{multi3,
   AUTHOR="R.~Santra and L.~S.~Cederbaum", 
   JOURNAL="Phys.Rep.",
   VOLUME=368, 
   PAGES=1,
   YEAR=2002   
}
  

@ARTICLE{SBB,
   AUTHOR="S.~Sack and L.~C.~Biedenharn and G.~Breit", 
   JOURNAL="Phys. Rev.",
   VOLUME=93, 
   PAGES=321,
   YEAR=1954   
}

@ARTICLE{bruce1,
   AUTHOR="P.~Navr\'atil and B.~R.~Barrett", 
   JOURNAL=PRC,
   VOLUME=57, 
   PAGES=562,
   YEAR=1998   
}


@ARTICLE{bruce2,
   AUTHOR="P.~Navr\'atil and J.~P.~Vary and B.~R.~Barrett",
   JOURNAL=PRL,
   VOLUME=84, 
   PAGES=5728,
   YEAR=2000   
}

@ARTICLE{bruce3,
   AUTHOR="P.~Navr\'atil and J.~P.~Vary and B.~R.~Barrett",
   JOURNAL=PRC,
   VOLUME=62, 
   PAGES=054311,
   YEAR=2000   
}

@ARTICLE{bruce4,
   AUTHOR="P.~Navr\'atil and G.~P.~Kamuntavicius and B.~R.~Barrett",
   JOURNAL=PRC,
   VOLUME=61, 
   PAGES=044001,
   YEAR=2000   
}

@ARTICLE{higham,
   AUTHOR="N.~J.~Higham",
   JOURNAL="Num.Algorithms",
   VOLUME=15, 
   PAGES=227,
   YEAR=1997   
}

@ARTICLE{denman,
   AUTHOR="E.~D.~Denman and A.~N.~Beavers",
   JOURNAL="Appl.Math.Comput.",
   VOLUME=2,
   PAGES=63,
   YEAR=1976   
}

@ARTICLE{pieper,
   AUTHOR="S.~C.~Pieper and R.~B.~Wiringa and J.~Carlson",
   JOURNAL=PRC,
     VOLUME=70,
   PAGES=054325, 
   YEAR=2004
 }


@ARTICLE{cc1,
   AUTHOR="D.~J.~Dean and M.~Hjorth-Jensen",
   JOURNAL=PRC,
   VOLUME=69,
   PAGES=054320,
   YEAR=2004 
}


@ARTICLE{hko95,
   AUTHOR="M.~Hjorth-Jensen and T.~T.~S. Kuo and E.~Osnes",
   JOURNAL=PRP,
   VOLUME=261,
   PAGES=125,
   YEAR=1995 
}

@ARTICLE{cc2,
   AUTHOR="K.~Kowalski and D.~J.~Dean and M.~Hjorth-Jensen and T.~Papenbrock and P.~Piecuch",
   JOURNAL=PRL,
   VOLUME=92,
   PAGES=132501,
   YEAR=2004 
}


@ARTICLE{cc3,
   AUTHOR="M.~W{\l}och and D.J.Dean and J.~R.~Gour and M.~Hjorth-Jensen and K.~Kowalski and T.~Papenbrock and P.~Piecuch",
   JOURNAL=PRL,
   VOLUME=94,
   PAGES=132501,
   YEAR=2005 
}

@ARTICLE{cc4,
   AUTHOR="J.R.~Gour and P.~Piecuch and M.~Hjorth-Jensen and 
   M.~W{\l}och and D.J.Dean",
   JOURNAL=PRC,
   VOLUME=74,
   PAGES=024310,
   YEAR=2006 
}


@ARTICLE{ershov1,
   AUTHOR="S.~N.~Ershov and B.~V.~Danilin and J.~S.~Vaagen", 
   JOURNAL=PRC,
   VOLUME=64,
   PAGES=064609,
   YEAR=2001
}

@ARTICLE{ershov2,
   AUTHOR="B.V.Danilin and T.Rogde and J.S.Vaagen and I.J.Thompson and M.V.Zhukov",
   JOURNAL=PRC,
   VOLUME=69,
   PAGES=024609,
   YEAR=2004
}


@ARTICLE{wc72,
   AUTHOR="C.~W.~Wong and D.~M.~Clement",
   JOURNAL=NPA,
   VOLUME=183,
   PAGES=210,
   YEAR=1972
}

@ARTICLE{kkr79,
   AUTHOR="C.~L.~Kung and T.~T.~S.~Kuo and K.~F.~Ratcliff",
   JOURNAL=PRC,
   VOLUME=19,
   PAGES=1063,
   YEAR=1979
}

@ARTICLE{borromeo92,
   AUTHOR="M.~Borromeo and D.~Bonatsos and H.~M{\"u}ther and A.~Polls",
   JOURNAL=NPA,
   VOLUME=539,
   PAGES=189,
   YEAR=1992
}

@ARTICLE{volya_PRL,
   AUTHOR="A.~Volya and V.~Zelevinsky",
   JOURNAL=PRL,
   TITLE="Discrete and continuum spectra in the unified shell model approach",
   VOLUME=94,
   PAGES=052501,
   YEAR=2005
}

@ARTICLE{volya2005b,
   AUTHOR="A.~Volya and V.~Zelevinsky",
   JOURNAL="preprint nucl-th/0509051",
   YEAR=2005
}


@ARTICLE{idbetan2005,
   AUTHOR="R.~Id Betan and R.~J.~Liotta and N.~Sandulescu and T.~Vertse and R.~Wyss",
   JOURNAL="nucl-th/0510045"
}


  
@ARTICLE{bonn,
AUTHOR={Machleidt, R. and Holinde, K. and Elster, Ch.},
TITLE={ },
JOURNAL={Phys. Rep.},
YEAR={1987},
VOLUME={149},
PAGES={1} }

@ARTICLE{bonn-cd,
AUTHOR={Machleidt, R.},
TITLE={ },
JOURNAL={Phys. Rev. C},
YEAR={2001},
VOLUME={63},
PAGES={024001} }


@ARTICLE{wiringa87,
AUTHOR={Wiringa, R.B. and Stoks, V.G.J. and Schiavilla, R.},
TITLE={ },
JOURNAL={Phys. Rev. C},
YEAR={1995},
VOLUME={51},
PAGES={38} }

@ARTICLE{nijmegen94,
AUTHOR={Stoks, V.G.J. and Klomp, R.A.M. and 
Terheggen, C.P.F. and de Swart, J.J.},
JOURNAL={Phys. Rev. C},
YEAR={1994},
VOLUME={49},
PAGES={2950} }



@ARTICLE{n3lo1,
AUTHOR={D.~R.~Entem and R.~Machleidt},
JOURNAL=PLB,
YEAR=2002,
VOLUME=524,
PAGES=93}

@ARTICLE{n3lo2,
AUTHOR={D.~R.~Entem and R.~Machleidt},
JOURNAL=PRC,
YEAR=2003,
VOLUME=68,
PAGES=041001}

@ARTICLE{elliott,
AUTHOR={J.~P.~Elliott and T.~H.~R.~Skyrme},
JOURNAL="Proc. Roy. Soc. A (London)",
YEAR=1955,
VOLUME=232,
PAGES=561}

@ARTICLE{vlowk,
AUTHOR={S.~K.~Bogner and T.~T.~S.~Kuo and A.~Schwenk},
JOURNAL=PRP,
YEAR=2003,
VOLUME=386,
PAGES=1}

@ARTICLE{hagen2,
AUTHOR="G.~Hagen and M.~Hjorth-Jensen and J.S.~Vaagen",
JOURNAL=PRC,
YEAR=2005,
VOLUME=71,
PAGES=044314
}



@article{fano, 
author="U. Fano", 
journal="Phys. Rev.", 
year=1961,
volume=124,
pages=1866
}

@article{feshbach2,
author="H. Feshbach", 
journal="Ann. Phys.",
volume=19,
pages=287,
year=1962,
} 

@article{feshbach1,
author="H. Feshbach", 
journal="Ann. Phys.",
volume=5,
pages=357,
year=1958,
} 

@article{coester, 
author="F. Coester", 
journal="Nucl. Phys.",
volume= 7, 
pages=421,
year=1958,
}

@article{coesterkummel, 
author="F. Coester and H. K{\" u}mmel", 
journal="Nucl. Phys.",
volume=17,
pages=477,
year=1960,
}

@article{cizek,
author="J.~{{\v C}{\'\i}{\v z}ek}",
journal="J. Chem. Phys.",
volume=45, 
pages=4256,
year=1966,
}

@article{palduscizek,
author="J.~{\v C}{\'\i}{\v z}ek and J.~Paldus", 
journal="Int. J. Quantum Chem.", 
volume=5,
pages=359,
year=1971,
}


@ARTICLE{okubo,
AUTHOR="S.~Okubo",
JOURNAL="Prog.~Theor.~Phys.",
YEAR=1954,
VOLUME=12,
PAGES=603
}

@ARTICLE{isaac98,
AUTHOR="I.~Vida{\~n}a and A.~Polls and A.~Ramos and M.~Hjorth-Jensen",
JOURNAL=NPA,
YEAR=1998,
VOLUME=644,
PAGES=201
}

@ARTICLE{bonatos,
AUTHOR="D.~Bonatsos and H.~M{\"u}ther",
JOURNAL=NPA,
YEAR=1989,
VOLUME=496,
PAGES=23
}

@ARTICLE{tom2004,
AUTHOR="J.~D.~Holt and T.~T.~S.~Kuo and G.~E.~Brown",
JOURNAL=PRC,
YEAR=2004,
VOLUME=69,
PAGES=034329
}

