@ARTICLE{lk90,
AUTHOR={Lee, J. and Kosterlitz, J.M.},
TITLE={ },
JOURNAL={Phys. Rev. Lett.},
YEAR={1990},
VOLUME={65},
PAGES={137} }

@ARTICLE{lk91,
AUTHOR={Lee, J. and Kosterlitz, J.M.},
TITLE={ },
JOURNAL={Phys. Rev. B},
YEAR={1991},
VOLUME={43},
PAGES={3265} }

@ARTICLE{fs88,
AUTHOR={Ferenberg, A.M. and Swendsen, R.H.},
TITLE={ },
JOURNAL={Phys. Rev. Lett.},
YEAR={1988},
VOLUME={61},
PAGES={2635} }

@ARTICLE{fs89,
AUTHOR={Ferenberg, A.M. and Swendsen, R.H.},
TITLE={ },
JOURNAL={Phys. Rev. Lett.},
YEAR={1988},
VOLUME={63},
PAGES={1195} }

@ARTICLE{gr67,
AUTHOR={Grossmann, S. and Rosenhauer, W.},
TITLE={ },
JOURNAL={Z. Phys.},
YEAR={1967},
VOLUME={207},
PAGES={138} }

@ARTICLE{gr69,
AUTHOR={Grossmann, S. and Rosenhauer, W.},
TITLE={ },
JOURNAL={Z. Phys.},
YEAR={1969},
VOLUME={218},
PAGES={439} }

@ARTICLE{gl69,
AUTHOR={Grossmann, S. and Lehmann, V.},
TITLE={ },
JOURNAL={Z. Phys.},
YEAR={1969},
VOLUME={218},
PAGES={449} }


@ARTICLE{bmh00,
AUTHOR={Borrmann, P. and Mulken, O. and Harting, J.},
TITLE={ },
JOURNAL={Phys. Rev. Lett.},
YEAR={2000},
VOLUME={84},
PAGES={3511} }

@ARTICLE{bonn,
AUTHOR={Machleidt, R. and Holinde, K. and Elster, Ch.},
TITLE={ },
JOURNAL={Phys. Rep.},
YEAR={1987},
VOLUME={149},
PAGES={1} }

@ARTICLE{bonn-cd,
AUTHOR={Machleidt, R.},
TITLE={ },
JOURNAL={Phys. Rev. C},
YEAR={2001},
VOLUME={63},
PAGES={024001} }


@ARTICLE{wiringa87,
AUTHOR={Wiringa, R.B. and Stoks, V.G.J. and Schiavilla, R.},
TITLE={ },
JOURNAL={Phys. Rev. C},
YEAR={1995},
VOLUME={51},
PAGES={38} }

@ARTICLE{nijmegen94,
AUTHOR={Stoks, V.G.J. and Klomp, R.A.M. and 
Terheggen, C.P.F. and de Swart, J.J.},
TITLE={ },
JOURNAL={Phys. Rev. C},
YEAR={1994},
VOLUME={49},
PAGES={2950} }

@ARTICLE{zeldes96,
AUTHOR={Zeldes, N. },
TITLE={Handbook of Nuclear Properties, Ed. by D. Poenaru and W. Greiner},
JOURNAL={Clarendon Press, Oxford},
YEAR={1996},
PAGES={13} }

@ARTICLE{Wig37, 
AUTHOR={Wigner, E.P.},
JOURNAL={Phys. Rev.},
VOLUME={51},
YEAR={1937},
PAGE={106} }

@ARTICLE{Jan65,
AUTHOR={J\"anecke, J.J.},
JOURNAL={Nucl. Phys.},
VOLUME={73},
YEAR={1965},
PAGE={97} }


@ARTICLE{Zel76,
AUTHOR={Zeldes, N. and Liran, S.},
JOURNAL={Phys. Lett. B},
VOLUME={62},
YEAR={1976},
PAGE={12} }

@ARTICLE{Jen84,
AUTHOR={Jensen, A.S. and Hansen, P.G. and Jonson, B.},
JOURNAL={Nucl. Phys. A},
VOLUME={431},
YEAR={1984},
PAGE={393}}

@ARTICLE{Tal62,
AUTHOR={Talmi, I.},
JOURNAL={Rev. Mod. Phys.},
VOLUME={34},
YEAR={1962},
PAGE={704} }

@ARTICLE{Mye77,
AUTHOR={Myers, W.D.},
TITLE={Droplet model of atomic nuclei},
PUBLISHER={Plenum, NY},
YEAR={1977} }

@ARTICLE{Kra79,
AUTHOR={Krappe, H.J. and Nix, J.R. and Sierk, A.J.},
JOURNAL={Phys. Rev. C},
VOLUME={20},
YEAR={1979},
PAGE={992} }

@ARTICLE{oslo1,
AUTHOR={Henden, L. and Bergholt, L. and Guttormsen, M. and Rekstad, J. 
and Tveter, T.S.},
JOURNAL={Nucl. Phys. A},
VOLUME={589},
YEAR={1995},
PAGE={249}}

@ARTICLE{oslo2,
AUTHOR={Tveter, T.S. and Bergholt, L. and Guttormsen, M. and 
Melby, E. and Rekstad, J.},
JOURNAL={Phys. Rev. Lett.},
VOLUME={77},
YEAR={1996},
PAGE={2404} }

@ARTICLE{oslo3, 
AUTHOR={Melby, E. and Bergholt, L. and Guttormsen, M. and Hjorth-Jensen, M.
and Ingebretsen, F. and Messelt, S. and Rekstad, J. and Schiller, A. and 
Siem, S. and Odegard, S.W.},
JOURNAL={Phys. Rev. Lett.},
VOLUME={83},
YEAR={1999},
PAGE={3150} }

@ARTICLE{bethe1,
AUTHOR={Bethe, H.A.},
JOURNAL={Phys. Rev.},
VOLUME={50},
YEAR={1936},
PAGE={332} }

@ARTICLE{back_shift,
AUTHOR={Gilbert, A. and Cameron, A.G.W.},
JOURNAL={Can. J. Phys.},
VOLUME={43},
YEAR={1965},
PAGE={1446} }

@ARTICLE{peter99,
AUTHOR={Peter, I and von Oertzen, W. and Bohlen, H.G. and Gadea, A. and
Gebauer, B. and Gerl, J. and Kaspar, M. and Kozhoukharov, I. and 
Kr\"oll, T. and Rejmund, M. and Schlegel, C. and Thummerer, S. and 
Wollersheim, H.J.},
JOURNAL={Euro. Phys. Journ. A},
VOLUME={4},
PAGE={313},
YEAR={1999}}

@ARTICLE{ogan99, 
AUTHOR={Oganessian, Yu. Ts. and Zagrebaev, V.I. and Vaagen, J.S.},
JOURNAL={Phys. Rev. Lett.},
VOLUME={82},
PAGE={4996},
YEAR={1999}}

@ARTICLE{jbd98,
AUTHOR={Johnson, C.W. and Bertsch, G.F. and Dean, D.J.},
JOURNAL={Phys. Rev. Lett.},
VOLUME={80},
PAGE={2749},
YEAR={1998}}

@ARTICLE{fr70,
AUTHOR={French, J.B. and Wong, S.S.M.},
JOURNAL={Phys. Lett. B},
VOLUME={33},
PAGE={449},
YEAR={1970}}

@ARTICLE{wildenthal,
AUTHOR={Wildenthal, B.H.},
JOURNAL={Prog. Part. Nucl. Phys.},
VOLUME={11},
PAGE={5},
YEAR={1984}}

@ARTICLE{bf00, 
AUTHOR={Bijker, R. and Frank, A.},
JOURNAL={Phys. Rev. Lett.},
VOLUME={84},
PAGE={420},
YEAR={2000}}

@ARTICLE{jbdt00,
AUTHOR={Johnson, C.W. and Bertsch, G.F. and Dean, D.J. and Talmi, I.},
JOURNAL={Phys. Rev. C},
VOLUME={61},
PAGE={14311},
YEAR={2000}}

@ARTICLE{Arima,
AUTHOR={Iachello, A. and Arima, A.},
TITLE={{\it The Interacting Boson Model}},
JOURNAL={Cambridge University Press},
YEAR={1988}}

