This file was created with JabRef 2.2b2.
Encoding: ISO-8859-1

@ARTICLE{AT01,
  author = {Agrawal, B. K. and Tapas, S. and De, J. N. and Samaddar, S. K.},
  journal = {Phys. Rev. C},
  year = {2001},
  volume = {63},
  pages = {024002}
}

@ARTICLE{AT00,
  author = {Agrawal, B. K. and Tapas, S. and De, J. N. and Samaddar, S. K.},
  journal = {Phys. Rev. C},
  year = {2000},
  volume = {62},
  pages = {044307}
}

@ARTICLE{ains89b,
  author = {Ainsworth, T. L. and Wambach, J. and Pines, D.},
  journal = {Nucl. Phys. A},
  year = {1993},
  volume = {555},
  pages = {128}
}

@ARTICLE{ains89a,
  author = {Ainsworth, T. L. and Wambach, J. and Pines, D.},
  journal = {Phys. Lett. B},
  year = {1989},
  volume = {222},
  pages = {173}
}

@ARTICLE{akmal98,
  author = {Akmal, A. and Pandharipande, V. R. and Ravenhall, D. G.},
  journal = {Phys. Rev. C},
  year = {1998},
  volume = {58},
  pages = {1804}
}

@ARTICLE{qsf0,
  author = {Alford, A. and Rajagopal, K. and Wilczek, F.},
  journal = {Nucl. Phys. B},
  year = {1999},
  volume = {558},
  pages = {219}
}

@BOOK{Alhassid1,
  title = {New Trends in Nuclear Collective Dynamics, edited by Y. Abe},
  publisher = {Springer},
  year = {1991},
  author = {Alhassid, Y.},
  pages = {41},
  place = {New York}
}

@ARTICLE{gsoft96,
  author = {Alhassid, Y. and Bertsch, G. and Dean, D.J. and Koonin, S.E.},
  journal = {Phys. Rev. Lett.},
  year = {1996},
  volume = {77},
  pages = {1444}
}

@ARTICLE{yoram,
  author = {Alhassid, Y. and Liu, S. and Nakada, H.},
  journal = {Phys. Rev. Lett.},
  year = {1999},
  volume = {83},
  pages = {4265}
}

@ARTICLE{alm90,
  author = {Alm, T. and R\"{o}pke, G. and Schmidt, M.},
  journal = {Z. Phys. A},
  year = {1990},
  volume = {337},
  pages = {355}
}

@ARTICLE{alparlives,
  author = {Alpar, A. and Kizilogl{\u u}, \"U. and van~Paradijs, J.},
  journal = {Lives of the neutron stars},
  year = {1995},
  volume = {Kluwer, Dordrecht}
}

@ARTICLE{amu85,
  author = {Amundsen, L. and {\O}stgaard, E.},
  journal = {Nucl. Phys. A},
  year = {1985},
  volume = {437},
  pages = {487}
}

@ARTICLE{Ana71,
  author = {Anataraman, N. and Schiffer, J.P.},
  journal = {Phys. Lett. B},
  year = {1971},
  volume = {37},
  pages = {229}
}

@ARTICLE{anderson59,
  author = {Anderson, P. W.},
  journal = {J. Phys. Chem. Solids},
  year = {1959},
  volume = {11},
  pages = {28}
}

@ARTICLE{arndt97,
  author = {Arndt, R. A. and Oh, C. H. and Strakovsky, I. I. and Workman, R.
	L. and Dohrmann, F.},
  journal = {Phys. Rev. C},
  year = {1997},
  volume = {56},
  pages = {3005}
}

@ARTICLE{axel62,
  author = {Axel, P.},
  journal = {Phys. Rev.},
  year = {1962},
  volume = {126},
  pages = {671}
}

@ARTICLE{back85,
  author = {B\"ackmann, S.-O. and Brown, G. E. and Niskanen, J. A.},
  journal = {Phys. Rep.},
  year = {1985},
  volume = {124},
  pages = {1}
}

@ARTICLE{bb72,
  author = {Babu, S. and Brown, G. E.},
  journal = {Ann. Phys. (N.Y.)},
  year = {1973},
  volume = {78},
  pages = {1}
}

@ARTICLE{barnea1996,
  author = {Balberg, S. and Barnea, N.},
  journal = {Phys. Rev. C},
  year = {1997},
  volume = {57},
  pages = {409}
}

@ARTICLE{schulze2000b,
  author = {Baldo, M. and Burgio, F. and Schulze, H.-J.},
  journal = {Phys. Rev. C},
  year = {2000},
  volume = {61},
  pages = {055801}
}

@ARTICLE{schulze1998,
  author = {Baldo, M. and Burgio, F. and Schulze, H.-J.},
  journal = {Phys. Rev. C},
  year = {1998},
  volume = {58},
  pages = {3688}
}

@ARTICLE{bcll92,
  author = {Baldo, M. and Cugnon, J. and Lejeune, A. and Lombardo, U.},
  journal = {Nucl. Phys. A},
  year = {1992},
  volume = {536},
  pages = {349}
}

@ARTICLE{bcll90,
  author = {Baldo, M and Cugnon, J. and Lejeune, A and Lombardo, U.},
  journal = {Nucl.\ Phys.\ A},
  year = {1990},
  volume = {515},
  pages = {409}
}

@ARTICLE{pair2,
  author = {Baldo, M. and Elgar{\o}y, {\O}. and Engvik, L. and Hjorth-Jensen,
	M. and Schulze, H.-J.},
  journal = {Phys. Rev. C},
  year = {1998},
  volume = {58},
  pages = {1921}
}

@ARTICLE{bls95,
  author = {Baldo, M. and Lombardo, U. and Schuck, P.},
  journal = {Phys. Rev. C},
  year = {1995},
  volume = {52},
  pages = {975}
}

@ARTICLE{balian1999,
  author = {Balian, R. and Flocard, H. and Veneroni, M.},
  journal = {Phys. Rep.},
  year = {1999},
  volume = {317},
  pages = {251}
}

@ARTICLE{barranco1997,
  author = {Barranco, F. and Broglia, R. A. and Esbensen, H. and Vigezzi, E.},
  journal = {Phys. Lett. B},
  year = {1997},
  volume = {390},
  pages = {13}
}

@ARTICLE{broglia1999,
  author = {Barranco, F. and Broglia, R. A. and Gori, G. and Vigezzi, E. and
	Bortignon, P. F. and Terasaki, J.},
  journal = {Phys. Rev. Lett.},
  year = {1999},
  volume = {83},
  page = {2147}
}

@ARTICLE{belyaev_59,
  author = {Belyaev, S.T.},
  journal = {Mat. Fys. Medd. Dan. Vid. Selsk.},
  year = {1959},
  volume = {31},
  pages = {641}
}

@ARTICLE{ben02,
  author = {Bennaceur, K. and Dean, D.J. and Barmore, B. and Nazarewicz , W.
	and {\"O}zen, C.},
  journal = {Phys. Rev. C},
  year = {submitted, 2002}
}

@ARTICLE{besreview,
  author = {Bes, D. R. and Sorensen, A. R.},
  journal = {Adv. Nucl. Phys.},
  year = {1969},
  volume = {2},
  page = {129}
}

@ARTICLE{bethe1,
  author = {Bethe, H.A.},
  journal = {Phys. Rev.},
  year = {1936},
  volume = {50},
  pages = {332}
}

@ARTICLE{bf00,
  author = {Bijker, R. and Frank, A.},
  journal = {Phys. Rev. Lett.},
  year = {2000},
  volume = {84},
  pages = {420}
}

@ARTICLE{bijker99,
  author = {Bijker, R. and Frank, A. and Pittel, S.},
  journal = {Phys. Rev. C},
  year = {1999},
  volume = {60},
  pages = {021302}
}

@ARTICLE{bishop,
  author = {Bishop, R. F.},
  journal = {Theor. Chim. Acta},
  year = {1991},
  volume = {80},
  pages = {95}
}

@ARTICLE{tinkham98,
  author = {Black, C. T. and Ralph, D. C. and Tinkham, M.},
  journal = {Phys. Rev. Lett},
  year = {1997},
  volume = {78},
  pages = {4087}
}

@ARTICLE{tinkham96,
  author = {Black, C. T. and Ralph, D. C. and Tinkham, M.},
  journal = {Phys. Rev. Lett},
  year = {1996},
  volume = {76},
  pages = {688}
}

@ARTICLE{bog_58,
  author = {Bogolyubov, N.N.},
  journal = {Dolk. Akad. Nauk SSSR},
  year = {1959},
  volume = {119},
  pages = {244}
}

@ARTICLE{bmp_58,
  author = {Bohr, A. and Mottelson, B.R. and Pines, D.},
  journal = {Phys. Rev.},
  year = {1958},
  volume = {110},
  pages = {936}
}

@ARTICLE{bmh00,
  author = {Borrmann, P. and Mulken, O. and Harting, J.},
  journal = {Phys. Rev. Lett.},
  year = {2000},
  volume = {84},
  pages = {3511}
}

@ARTICLE{bozek2002,
  author = {Bozek, P.},
  journal = {Phys. Rev. C},
  year = {2002},
  volume = {65},
  pages = {034327}
}

@ARTICLE{bozek2000,
  author = {Bozek, P.},
  journal = {Phys. Rev. C},
  year = {2000},
  volume = {62},
  pages = {054316}
}

@ARTICLE{bozek1999,
  author = {Bozek, P.},
  journal = {Nucl. Phys. A},
  year = {1999},
  volume = {657},
  pages = {187}
}

@ARTICLE{delft98,
  author = {Braun, F. and von Delft, J.},
  journal = {Phys. Rev. Lett.},
  year = {1998},
  volume = {81},
  pages = {4712}
}

@ARTICLE{brock90,
  author = {Brockmann, R. and Machleidt, R.},
  journal = {Phys. Rev. C},
  year = {1990},
  volume = {42},
  pages = {1965}
}

@ARTICLE{broglia1994,
  author = {Broglia, R. A. and De Blasio, F. V. and Lazzari, G. and Lazzari,
	M. C. and Pizzochero, P. M.},
  journal = {Phys. Rev. D},
  year = {1994},
  volume = {50},
  page = {4781}
}

@BOOK{bj76,
  title = {The Nucleon-Nucleon Interaction},
  publisher = {North-Holland},
  year = {1976},
  author = {Brown, G. E. and Jackson, A. D.},
  place = {Amsterdam}
}

@ARTICLE{brown87,
  author = {Brown, G. E. and Weise, W. and Baym, G. and Speth, J.},
  journal = {Comments. Nucl. Part. Phys.},
  year = {1987},
  volume = {17},
  pages = {39}
}

@ARTICLE{bruun2000,
  author = {Bruun, G. M. and Mottelson, B.},
  journal = {Phys. Rev. Lett.},
  year = {2001},
  volume = {87},
  pages = {270403}
}

@ARTICLE{aurel2001a,
  author = {Bulgac, A.},
  journal = {Phys. Rev. C},
  year = {2002},
  volume = {65},
  pages = {051305}
}

@ARTICLE{aurel2001b,
  author = {Bulgac, A. and Yu, Y.},
  journal = {Phys. Rev. Lett.},
  year = {2002},
  volume = {88},
  pages = {042504}
}

@ARTICLE{carlson97,
  author = {Carlson, B. V. and Frederico, T. and Guimar\~{a}es, F. B.},
  journal = {Phys. Rev. C},
  year = {1997},
  volume = {56},
  pages = {3097}
}

@BOOK{cs92,
  title = {Inverse Problems in Quantum Scattering Theory},
  publisher = {Springer},
  year = {1992},
  author = {Chadan, K. and Sabatier, P. C.},
  place = {New York}
}

@ARTICLE{chen86,
  author = {Chen, J. M. C. and Clark, J. W. and Krotschek, E. and Smith, R. A.},
  journal = {Nucl. Phys. A},
  year = {1986},
  volume = {451},
  pages = {509}
}

@ARTICLE{chen93,
  author = {Chen, J. M. C. and Clark, J. W. Dav\'{e},R. D. and Khodel, V. V.
	},
  journal = {Nucl. Phys. A},
  year = {1983},
  volume = {555},
  pages = {59}
}

@ARTICLE{CD00,
  author = {Chomaz, Ph. and Duflot, V. and Gulminelli, F.},
  journal = {Phys. Rev. Lett.},
  year = {2000},
  volume = {85},
  pages = {3587}
}

@ARTICLE{Schottky,
  author = {Civitarese, O. and Dussel, G.G. and Zuker, A.P.},
  journal = {Phys. Rev.},
  year = {1989},
  volume = {C40},
  pages = {2900}
}

@ARTICLE{bcs_theory,
  author = {Cooper, L.N. and Bardeen, J. and Schrieffer, J.R.},
  journal = {Phys. Rev.},
  year = {1957},
  volume = {108},
  pages = {1175}
}

@ARTICLE{cms59,
  author = {Cooper, L. N. and Mills, R. L. and Sessler, A. M.},
  journal = {Phys. Rev.},
  year = {1959},
  volume = {114},
  pages = {1377}
}

@ARTICLE{agostino00,
  author = {D'Agostino, M. and Gulminelli, F. and Chomaz, Ph. and Bruno, M. and
	Cannata, F. and Bougault, R. and Gramegna, F. and Iori, I. and Le
	Neindre, N. and Margagliotti, G. V. and Moroni, A. and Vannini, G.},
  journal = {Phys. Lett. B},
  year = {2000},
  volume = {473},
  pages = {219}
}

@ARTICLE{bailin84,
  author = {Bailin D. and Love, A.},
  journal = {Phys. Rep.},
  year = {1984},
  volume = {107},
  pages = {325}
}

@ARTICLE{brink_thesis,
  author = {D.M.Brink},
  journal = {Ph.D. Thesis, Oxford University},
  year = {1955}
}

@ARTICLE{day81,
  author = {Day, B. D.},
  journal = {Phys. Rev. C},
  year = {1981},
  volume = {24},
  pages = {1203}
}

@ARTICLE{deblasio97,
  author = {De Blasio, F. V. and Hjorth-Jensen, M. and Elgar{\o}y, {\O}. and
	Engvik, L. and Lazzari, G. and Baldo, M. and Schulze, H.-J.},
  journal = {Phys Rev. C},
  year = {1997},
  volume = {56},
  pages = {2322}
}

@ARTICLE{dean97,
  author = {Dean, D.J. and Koonin, S.E. and Langanke, K. and Radha, P.B.},
  journal = {Phys. Lett. B},
  year = {1997},
  volume = {399},
  pages = {1}
}

@ARTICLE{Dean95,
  author = {Dean, D.J. and Radha, P.B. and Langanke, K. and Alhassid , Y. and
	Koonin, S.E. and Ormand, W.E.},
  journal = {Phys. Rev. Lett.},
  year = {1994},
  volume = {72},
  pages = {4066}
}

@ARTICLE{DK95a,
  author = {Dean, D. J. and Koonin, S. E. and Langanke, K. and Radha, P. B. and
	Alhassid, Y.},
  journal = {Phys. Rev. Lett.},
  year = {1995},
  volume = {74},
  pages = {2909}
}

@ARTICLE{dgg_75,
  author = {Decharge, J. and Gerod, M. and Gogny, D.},
  journal = {Phys. Lett.},
  year = {1975},
  volume = {55B},
  pages = {361}
}

@ARTICLE{delft2000,
  author = {von Delft, J. and Ralph, D.C.},
  journal = {Phys. Rep.},
  year = {2001},
  volume = {345},
  pages = {61}
}

@ARTICLE{demetriou01,
  author = {Demetriou, P. and Goriely, S.},
  journal = {Nucl. Phys. A},
  year = {2001},
  volume = {695},
  page = {95}
}

@ARTICLE{dick83,
  author = {Dickhoff, W. H. and Faessler, A. and M\"uther, H. and Wu, S. S.},
  journal = {Nucl. Phys. A},
  year = {1983},
  volume = {405},
  pages = {534}
}

@ARTICLE{dick81,
  author = {Dickhoff, W. H. and Faessler, A. and Meyer-ter-Vehn, J. and M\"uther,
	H.},
  journal = {Phys. Rev. C},
  year = {1981},
  volume = {23},
  pages = {1154}
}

@ARTICLE{dickoffherbert87,
  author = {Dickhoff, W. H. and M\"{u}ther, H.},
  journal = {Nucl. Phys. A},
  year = {1987},
  volume = {473},
  pages = {394}
}

@ARTICLE{Ng90,
  author = {Dinh Dang, N.},
  journal = {Z. Phys. A},
  year = {1900},
  volume = {335},
  pages = {253}
}

@ARTICLE{dob_96,
  author = {Dobaczewski, J. and Nazarewicz, W. and Werner, T.R. and Berger, J.F.
	and Chinn, C.R. and Decharge, J.},
  journal = {Phys. Rev. C},
  year = {1996},
  volume = {53},
  pages = {2809}
}

@ARTICLE{jacekwitek1998,
  author = {Dobaczweski, J. and Nazarewicz, W.},
  journal = {Phil. Trans. R. Soc. Lond. A},
  year = {1998},
  volume = {356},
  pages = {2007}
}

@ARTICLE{heenen_2002a,
  author = {Duguet, T. and Bonche, P. and Heenen, P.-H. and Meyer, J.},
  journal = {Phys. Rev. C},
  year = {2002},
  volume = {65},
  pages = {014311}
}

@ARTICLE{heenen_2002b,
  author = {Duguet, T. and Bonche, P. and Heenen, P.-H. and Meyer, J.},
  journal = {Phys. Rev. C},
  year = {2002},
  volume = {65},
  pages = {014310}
}

@ARTICLE{Dukelsky,
  author = {Dukelsky, J. and Poves, A. and Retamosa, J.},
  journal = {Phys. Rev. C},
  year = {1991},
  volume = {44},
  pages = {2872}
}

@ARTICLE{sierra99,
  author = {Dukelsky, J. and Sierra, G.},
  journal = {Phys. Rev. Lett.},
  year = {1999},
  volume = {83},
  pages = {172}
}

@ARTICLE{dossing95,
  author = {D{\o}ssing, T. and Khoo, T. L. and Lauritsen, T. and Ahmad, I. and
	Blumenthal, D. and Carpenter, M. P. and Crowell, B. and Gassman,
	D. and Henry, R. G. and Janssens, R. V. F. and Nisius, D.},
  journal = {Phys. Rev. Lett.},
  year = {1995},
  volume = {75},
  pages = {1275}
}

@ARTICLE{Egido,
  author = {Egido, J.L. and Ring, P.},
  journal = {J. Phys. G},
  year = {1993},
  volume = {19},
  pages = {1}
}

@ARTICLE{ER00,
  author = {Egido, J. L. and Robledo, L. M. and Martin, V.},
  journal = {Phys. Rev. Lett.},
  year = {2000},
  volume = {85},
  pages = {26}
}

@ARTICLE{esb88,
  author = {von Egidy, T. and Schmidt, H.H. and Behkami, A.N.},
  journal = {Nucl. Phys. A},
  year = {1988},
  volume = {481},
  pages = {189}
}

@ARTICLE{eeho98,
  author = {Elgar{\o}y, {\O}. and Engvik, L. and Hjorth-Jensen, M. and Osnes,
	E.},
  journal = {Phys. Rev. C},
  year = {1998},
  volume = {57},
  pages = {R1069}
}

@ARTICLE{elg961,
  author = {Elgar{\o}y, {\O}. and Engvik, L. and Hjorth-Jensen, M. and Osnes,
	E.},
  journal = {Nucl. Phys. A},
  year = {1996},
  volume = {604},
  pages = {466}
}

@ARTICLE{elga96,
  author = {Elgar{\o}y, {\O}. and Engvik, L. and Hjorth-Jensen, M. and Osnes,
	E.},
  journal = {Nucl. Phys. A},
  year = {1996},
  volume = {607},
  pages = {425}
}

@ARTICLE{pair1,
  author = {Elgar{\o}y, {\O}. and Engvik, L. and Hjorth-Jensen, M. and Osnes,
	E.},
  journal = {Phys. Rev. Lett.},
  year = {1996},
  volume = {77},
  pages = {1428}
}

@ARTICLE{elgaprd,
  author = {Elgar{\o}y, {\O}. and Engvik, L. and Osnes, E. and De Blasio, F.
	V. and Hjorth-Jensen, M. and Lazzari, G.},
  journal = {Phys. Rev. D},
  year = {1996},
  volume = {54},
  page = {1848}
}

@ARTICLE{eh98,
  author = {Elgar{\o}y, {\O}. and Hjorth-Jensen, M.},
  journal = {Phys. Rev. C},
  year = {1998},
  volume = {57},
  pages = {1174}
}

@ARTICLE{shulzeelgaroy_priv,
  author = {Elgar{\o}y, {\O}. and Schulze, H.-J.},
  journal = {private communication},
  year = {2001}
}

@ARTICLE{elliott58,
  author = {Elliott, J.P.},
  journal = {Proc. R. Soc. London A},
  year = {1958},
  volume = {245},
  page = {128}
}

@ARTICLE{emerysessler,
  author = {Emery, V. J. and Sessler, A. M.},
  journal = {Phys. Rev.},
  year = {1960},
  volume = {119},
  page = {248}
}

@ARTICLE{engel1998,
  author = {Engel, J. and Langanke, K. and Vogel, P.},
  journal = {Phys. Lett. B},
  year = {1998},
  volume = {429},
  pages = {215}
}

@ARTICLE{engel96,
  author = {Engel, J. and Langanke, K. and Vogel, P.},
  journal = {Phys. Lett. B},
  year = {1996},
  volume = {389},
  pages = {211}
}

@ARTICLE{eh2002,
  author = {Engeland, T. and Hjorth-Jensen, M. and Osnes, E.},
  journal = {unpublished},
  year = {2002}
}

@ARTICLE{engv97,
  author = {Engvik, L. and Hjorth-Jensen, M. and Machleidt, R. and M\"uther,
	H. and Polls, A.},
  journal = {Nucl. Phys. A},
  year = {1997},
  volume = {627},
  pages = {85}
}

@ARTICLE{Eva81,
  author = {Evans, J.A. and Dussel, G.G. and Maqueda, E.E. and Perazzo, R.P.J.},
  journal = {Nucl. Phys. A},
  year = {1981},
  volume = {367},
  pages = {77}
}

@ARTICLE{adelchi97,
  author = {Fabrocini, A. and Arias de Savedra, F. and C\'o, G. and Folgarait,
	P.},
  journal = {Phys. Rev. C},
  year = {1998},
  volume = {57},
  pages = {1668}
}

@ARTICLE{faessler76,
  author = {Faessler, A. and Sandhya Devi, K.R. and Grummer, F. and Schmid, K.W.
	and Hilton, R.R.},
  journal = {Nucl. Phys. A},
  year = {1976},
  volume = {256},
  pages = {106}
}

@ARTICLE{fs88,
  author = {Ferrenberg, A.M. and Swendsen, R.H.},
  journal = {Phys. Rev. Lett.},
  year = {1988},
  volume = {61},
  pages = {2635}
}

@ARTICLE{fs89,
  author = {Ferrenberg, A.M. and Swendsen, R.H.},
  journal = {Phys. Rev. Lett.},
  year = {1988},
  volume = {63},
  pages = {1195}
}

@ARTICLE{fr70,
  author = {French, J.B. and Wong, S.S.M.},
  journal = {Phys. Lett. B},
  year = {1970},
  volume = {33},
  pages = {449}
}

@ARTICLE{cooling1,
  author = {Friman, B. and Maxwell, O.},
  journal = {Ap. J.},
  year = {1979},
  volume = {232},
  pages = {541}
}

@ARTICLE{garrido2001,
  author = {Garrido, E. and Sarriguren, P. and Moya de Guerra, E. and Lombardo,
	U. and Schuck, P. and Schulze, H.-J.},
  journal = {Phys. Rev. C},
  year = {2001},
  volume = {63},
  pages = {037304}
}

@ARTICLE{back_shift,
  author = {Gilbert, A. and Cameron, A.G.W.},
  journal = {Can. J. Phys.},
  year = {1965},
  volume = {43},
  pages = {1446}
}

@ARTICLE{broglia2002,
  author = {Giovanardi, N. and Barranco, F. and Broglia, R. A. and Vigezzi, E.},
  journal = {Phys. Rev. C},
  year = {2002},
  volume = {65},
  page = {041304}
}

@BOOK{glendenning2000,
  title = {Compact Stars},
  publisher = {Springer},
  year = {2000},
  author = {Glendenning, N. K.},
  place = {Berlin}
}

@ARTICLE{gold,
  author = {Gold, T.},
  journal = {Nature},
  year = {1969},
  volume = {218},
  pages = {731}
}

@ARTICLE{goodman00,
  author = {Goodman, A.L.},
  journal = {Phys. Scr. T},
  year = {2000},
  volume = {88},
  page = {170}
}

@ARTICLE{Go81a,
  author = {Goodman, A. L.},
  journal = {Nucl. Phys. A},
  year = {1981},
  volume = {352},
  pages = {30}
}

@ARTICLE{Go81b,
  author = {Goodman, A. L.},
  journal = {Nucl. Phys. A},
  year = {1981},
  volume = {352},
  pages = {45}
}

@ARTICLE{goodman79,
  author = {Goodman, A. L.},
  journal = {Adv. Nucl. Phys.},
  year = {1979},
  volume = {11},
  pages = {263}
}

@ARTICLE{gorkovmelik,
  author = {Gorkov, L. P. and Melik-Barkhudarov, T. K.},
  journal = {Sov. Phys. JETP},
  year = {1961},
  volume = {13},
  page = {1018}
}

@ARTICLE{sandulescu2001,
  author = {Grasso, M. and Sandulescu, N. and Van Giai, N. and Liotta, R. J.},
  journal = {Phys. Rev. C},
  year = {2001},
  volume = {64},
  pages = {064321}
}

@ARTICLE{sandulescu2002,
  author = {Grasso, M. and Van Giai, N. and Sandulescu, N.},
  journal = {Phys. Lett. B},
  year = {2002},
  volume = {535},
  pages = {103}
}

@ARTICLE{gross97,
  author = {Gross, D.H.E.},
  journal = {Phys. Rep.},
  year = {1997},
  volume = {279},
  pages = {119}
}

@ARTICLE{gross99,
  author = {Gross, D.H.E. and Votyakov, E.},
  journal = {Eur. Jour. Phys. B},
  year = {2000},
  volume = {15},
  pages = {115}
}

@ARTICLE{gross90,
  author = {Gross, D. H. E.},
  journal = {Rep. Prog. Phys.},
  year = {1990},
  volume = {53},
  pages = {605}
}

@ARTICLE{gl69,
  author = {Grossmann, S. and Lehmann, V.},
  journal = {Z. Phys.},
  year = {1969},
  volume = {218},
  pages = {449}
}

@ARTICLE{gr69,
  author = {Grossmann, S. and Rosenhauer, W.},
  journal = {Z. Phys.},
  year = {1969},
  volume = {218},
  pages = {439}
}

@ARTICLE{gr67,
  author = {Grossmann, S. and Rosenhauer, W.},
  journal = {Z. Phys.},
  year = {1967},
  volume = {207},
  pages = {138}
}

@ARTICLE{guim96,
  author = {Guimar\~{a}es, F. B. and Carlson, B. V. and Frederico, T.},
  journal = {Phys. Rev. C},
  year = {1996},
  volume = {54},
  pages = {2385}
}

@ARTICLE{gc99,
  author = {Gulminelli, F. and Chomaz, Ph.},
  journal = {Phys. Rev. Lett.},
  year = {1999},
  volume = {82},
  pages = {1402}
}

@ARTICLE{entropy2000,
  author = {Guttormsen, M. and Bjerve, A. and Hjorth-Jensen, M. and Melby, E.
	and Rekstad, J. and Schiller, A. and Siem, S. and Beli\'c, A.},
  journal = {Phys. Rev. C},
  year = {2000},
  volume = {62},
  pages = {024306}
}

@ARTICLE{huller94,
  author = {H\"{u}ller, A.},
  journal = {Z. Phys. B},
  year = {1994},
  volume = {93},
  pages = {401}
}

@ARTICLE{hagino2000,
  author = {Hagino, K. and Bertsch, G. F.},
  journal = {Nucl. Phys. A},
  year = {2000},
  volume = {679},
  pages = {163}
}

@ARTICLE{hagino2002,
  author = {Hagino, K. and Reinhard, P.-G. and Bertsch, G. F.},
  journal = {Phys. Rev. C},
  year = {2002},
  volume = {65},
  page = {064320}
}

@ARTICLE{hh2000,
  author = {Heiselberg, H. and Hjorth-Jensen, M.},
  journal = {Phys. Rep.},
  year = {2000},
  volume = {328},
  pages = {237}
}

@ARTICLE{henning_ben,
  author = {Heiselberg, H. and Mottelson, B.},
  journal = {Phys. Rev. Lett.},
  year = {2002},
  volume = {88},
  pages = {190401}
}

@ARTICLE{henning2000,
  author = {Heiselberg, H. and Pethick, C. J. and Smith, H. and Viverit, L.},
  journal = {Phys. Rev. Lett.},
  year = {2000},
  volume = {85},
  pages = {2418}
}

@ARTICLE{oslo1,
  author = {Henden, L. and Bergholt, L. and Guttormsen, M. and Rekstad, J. and
	Tveter, T.S.},
  journal = {Nucl. Phys. A},
  year = {1995},
  volume = {589},
  pages = {249}
}

@ARTICLE{hewish,
  author = {Hewish, A. and Bell, J. S. and Pilkington, J. D. H. and Scott, P.
	F. and Collins, R. A.},
  journal = {Nature},
  year = {1968},
  volume = {217},
  pages = {709}
}

@ARTICLE{hilaire01,
  author = {Hilaire, S. and Delaroche, J.P. and Girod, M.},
  journal = {Eur. Phys. J. A},
  year = {2001},
  volume = {12},
  page = {169}
}

@BOOK{mhj98,
  title = {Advances in Many-Body Physics, edited by N. Walet and R. F. Bishop},
  publisher = {World Scientific},
  year = {2002},
  author = {Hjorth-Jensen, M.},
  volume = {2},
  pages = {in press},
  place = {Singapore}
}

@ARTICLE{mhj_95,
  author = {Hjorth-Jensen, M. and Kuo, T. T. S. and Osnes, E.},
  journal = {Phys. Rep.},
  year = {1995},
  volume = {261},
  pages = {125}
}

@ARTICLE{hoffberg70,
  author = {Hoffberg, M. and Glassgold, A. E. and Richardson, R. W. and Ruderman,
	M.},
  journal = {Phys. Rev. Lett.},
  year = {1970},
  volume = {24},
  pages = {775}
}

@ARTICLE{anne98,
  author = {Holt, A. and Engeland, T. and Hjorth-Jensen, M. and Osnes, E.},
  journal = {Nucl. Phys. A},
  year = {1998},
  volume = {634},
  pages = {41}
}

@ARTICLE{horoi01,
  author = {Horoi, M. and Brown B.A. and Zelevinsky, V.},
  journal = {Phys. Rev. Lett.},
  year = {2001},
  volume = {87},
  pages = {062501}
}

@ARTICLE{mihai2001,
  author = {Horoi, M. and Brown, B. A. and Zelevinsky, V.},
  journal = {Phys. Rev. Lett.},
  year = {2001},
  volume = {87},
  pages = {062501}
}

@BOOK{Arima,
  title = {{\it The Interacting Boson Model}},
  publisher = {Cambridge University Press},
  year = {1988},
  author = {Iachello, A. and Arima, A.},
  place = {Cambridge}
}

@ARTICLE{Jan65,
  author = {J\"anecke, J.J.},
  journal = {Nucl. Phys.},
  year = {1965},
  volume = {73},
  pages = {97}
}

@ARTICLE{jack83,
  author = {Jackson, A. D.},
  journal = {Ann. Rev. Nucl. Part. Sci.},
  year = {1983},
  volume = {33},
  pages = {105}
}

@ARTICLE{jack82,
  author = {Jackson, A. D. and Krotschek, E. and Meltzer, D. E. and Smith, R.
	A.},
  journal = {Nucl. Phys. A},
  year = {1982},
  volume = {386},
  pages = {125}
}

@ARTICLE{jls82,
  author = {Jackson, A. D. and Lande, A. and Smith, R. A.},
  journal = {Phys. Rep.},
  year = {1982},
  pages = {1}
}

@ARTICLE{jenkins,
  author = {Jenkins, D. G. and Kelsall, N. S. and Lister, C. J. and Balamuth,
	D. P. and Carpenter, M. P. and Sienko, T. A. and Fischer, S. M. and
	Clark, R. M. and Fallon, P. and G\"orgen, A. and Macchiavelli, A.
	O. and Svensson, C. E. and Wadsworth, R. and Reviol, W. and Sarantites,
	D. G. and Ball, G. C. and Rikovska Stone, J. and Juillet, O. and
	Van Isacker, P. and Afanasjev, A. V. and Frauendorf, S.},
  journal = {Phys. Rev. C},
  year = {2002},
  volume = {65},
  page = {064307}
}

@ARTICLE{Jen84,
  author = {Jensen, A.S. and Hansen, P.G. and Jonson, B.},
  journal = {Nucl. Phys. A},
  year = {1984},
  volume = {431},
  pages = {393}
}

@ARTICLE{jjm76,
  author = {Jeukenne, J. P. and Lejeune, A. and Mahaux, C.},
  journal = {Phys. Rep.},
  year = {1976},
  volume = {25C},
  pages = {83}
}

@ARTICLE{johnson1971,
  author = {Johnson, A. and Ryde, H. and Sztarkier, J.},
  journal = {Phys. Lett. B},
  year = {1971},
  volume = {34},
  page = {605}
}

@ARTICLE{jbd98,
  author = {Johnson, C.W. and Bertsch, G.F. and Dean, D.J.},
  journal = {Phys. Rev. Lett.},
  year = {1998},
  volume = {80},
  pages = {2749}
}

@ARTICLE{jbdt00,
  author = {Johnson, C.W. and Bertsch, G.F. and Dean, D.J. and Talmi, I.},
  journal = {Phys. Rev. C},
  year = {2000},
  volume = {61},
  pages = {14311}
}

@ARTICLE{kaplan01,
  author = {Kaplan, L. and Papenbrock, T. and Johnson, C.W.},
  journal = {Phys. Rev. C},
  year = {2001},
  volume = {63},
  pages = {014307}
}

@ARTICLE{klm,
  author = {Kerman, A.K. and Lawson, R.D. and Macfarlane, M.H.},
  journal = {Phys. Rev.},
  year = {1961},
  volume = {124},
  pages = {162}
}

@ARTICLE{khodel97,
  author = { Khodel, V. A. and Khodel, V. V. and Clark, J. W.},
  journal = {Phys. Rev. Lett.},
  year = {1998}
}

@ARTICLE{kiss60,
  author = {Kisslinger, L. S. and Sorensen, R. A.},
  journal = {Mat. Fys. Medd. Dan. Vid. Selsk.},
  year = {1960},
  volume = {32},
  pages = {no. 9}
}

@ARTICLE{kkc2001,
  author = {Kodel, V. A. and Kodel, V. V. and Clark, J. W.},
  journal = {Nucl. Phys. A},
  year = {2001},
  volume = {679},
  pages = {827}
}

@ARTICLE{kkc1998,
  author = {Kodel, V. A. and Kodel, V. V. and Clark, J. W.},
  journal = {Phys. Rev. Lett.},
  year = {1998},
  volume = {81},
  pages = {3828}
}

@ARTICLE{kkc96,
  author = {Kodel, V. A. and Kodel, V. V. and Clark, J. W.},
  journal = {Nucl. Phys. A},
  year = {1996},
  volume = {598},
  pages = {390}
}

@ARTICLE{kdl97,
  author = {Koonin, S.E. and Dean, D.J. and Langanke, K.},
  journal = {Phys. Rep.},
  year = {1997},
  volume = {278},
  pages = {1}
}

@ARTICLE{Kra79,
  author = {Krappe, H.J. and Nix, J.R. and Sierk, A.J.},
  journal = {Phys. Rev. C},
  year = {1979},
  volume = {20},
  pages = {992}
}

@ARTICLE{krotch,
  author = {Krotscheck, E.},
  journal = {Z. Phys.},
  year = {1972},
  volume = {251},
  pages = {135}
}

@ARTICLE{kroclark,
  author = {E.~Krotscheck and J.~W.~Clark},
  journal = {Nucl. Phys. A},
  year = {1980},
  volume = {333},
  pages = {77}
}

@ARTICLE{kcj,
  author = {Krotscheck, E. and Clark, J. W.and Jackson, A. D.},
  journal = {Phys. Rev. B},
  year = {1983},
  volume = {28},
  pages = {5088}
}

@ARTICLE{ksj,
  author = {Krotscheck, E. and Smith, R. A. and Jackson, A. D.},
  journal = {Phys. Rev. B},
  year = {1981},
  volume = {24},
  pages = {6404}
}

@ARTICLE{ring91,
  author = {Kucharek, H. and Ring, P.},
  journal = {Z. Phys. A},
  year = {1991},
  volume = {339},
  pages = {23}
}

@ARTICLE{kuch89,
  author = {Kucharek, H. and Ring, P. and Schuck, P. and Bengtsson, R. and Girod,
	M.},
  journal = {Phys. Lett. B},
  year = {1989},
  volume = {216},
  pages = {249}
}

@ARTICLE{kus00,
  author = {Kusnezov, D.},
  journal = {Phys. Rev. Lett.},
  year = {2000},
  volume = {85},
  pages = {3773}
}

@ARTICLE{kzc00,
  author = {Kusnezov, K. and Zamfir, N.V. and Casten, R.F.},
  journal = {Phys. Rev. Lett.},
  year = {2000},
  volume = {85},
  pages = {1396}
}

@ARTICLE{kohler96,
  author = {Kwong, N. H. and K\"ohler, S.},
  journal = {Phys. Rev. C},
  year = {1997},
  volume = {55},
  pages = {1650}
}

@ARTICLE{paris,
  author = {Lacombe, M. and Loiseau, B. and Richard, J. M. and Vinh Mau, R. and
	C\^{o}te, J. and Pir\`{e}s, P. and de Tourreil, R.},
  journal = {Phys. Rev. C},
  year = {1980},
  volume = {21},
  pages = {861}
}

@BOOK{lamb,
  title = {Frontiers of stellar evolution, edited by D. L. Lambert},
  publisher = {Astronomy Society of the Pacific},
  year = {1991},
  author = {Lamb, F. K.},
  pages = {299},
  place = {San Francisco}
}

@ARTICLE{langanke97,
  author = {Langanke, K. and Dean, D.J. and Koonin, S.E. and Radha, P.B.},
  journal = {Nucl. Phys. A},
  year = {1997},
  volume = {613},
  pages = {253}
}

@ARTICLE{Langanke95,
  author = {Langanke, K. and Dean, D.J. and Radha, P.B. and Alhassid, Y. and
	Koonin, S.E.},
  journal = {Phys. Rev. C},
  year = {1995},
  volume = {52},
  pages = {718}
}

@ARTICLE{Langanke95b,
  author = {Langanke, K. and Dean, D.J. and Radha, P.B. and Koonin, S.E.},
  journal = {Nucl. Phys. A},
  year = {1996},
  volume = {602},
  pages = {718}
}

@ARTICLE{zheng97,
  author = {Langanke, K. and Vogel, P. and Zheng, D.-C.},
  journal = {Nucl. Phys. A},
  year = {1997},
  volume = {626},
  page = {735}
}

@ARTICLE{cooling4,
  author = {Lattimer, J. M. and Pethick, C. J. and Prakash, M. and Haensel, P.},
  journal = {Phys. Rev. Lett.},
  year = {1991},
  volume = {66},
  pages = {2701}
}

@ARTICLE{LA93,
  author = {Lauritzen, B. and Anselmino, A. and Bortignon, P. F. and Broglia,
	R. A.},
  journal = {Ann. Phys. (NY)},
  year = {1993},
  volume = {223},
  pages = {216}
}

@ARTICLE{lk91,
  author = {Lee, J. and Kosterlitz, J.M.},
  journal = {Phys. Rev. B},
  year = {1991},
  volume = {43},
  pages = {3265}
}

@ARTICLE{lk90,
  author = {Lee, J. and Kosterlitz, J.M.},
  journal = {Phys. Rev. Lett.},
  year = {1990},
  volume = {65},
  pages = {137}
}

@ARTICLE{lipkin,
  author = {Lipkin, H.J.},
  journal = {Ann. of Phys.},
  year = {1960},
  volume = {31},
  pages = {525}
}

@ARTICLE{liu01,
  author = {Liu, S. and Alhassid, Y.},
  journal = {Phys.Rev.Lett.},
  year = {2001},
  volume = {87},
  pages = {022501}
}

@ARTICLE{schuck2001,
  author = {Lombardo, U. and Nozieres, P. and Schuck, P. and Schulze, H.-J. and
	Sedrakian, A.},
  journal = {Phys. Rev. C},
  year = {2001},
  volume = {64}
}

@ARTICLE{lombardo2001,
  author = {Lombardo, U. and Schuck, P.},
  journal = {Phys. Rev. C},
  year = {2001},
  volume = {63},
  pages = {038201}
}

@ARTICLE{lsz2001,
  author = {Lombardo, U. and Schuck, P. and Zuo, W.},
  journal = {Phys. Rev. C},
  year = {021301},
  volume = {64},
  pages = {2001}
}

@BOOK{ls2000,
  title = {Lect. Notes Phys.},
  publisher = {Springer},
  year = {2001},
  author = {Lombardo, U. and Schulze, H.-J.},
  volume = {578},
  pages = {30},
  place = {Berlin}
}

@ARTICLE{schmidt01,
  author = {M. Schmidt, M. and Kusche, R. and Hippler, T. and Donges, J. and
	Kronm\"uller, W. and von Issendorff, B. and Haberland, H.},
  journal = {Phys. Rev. Lett},
  year = {2001},
  volume = {86},
  pages = {1191}
}

@ARTICLE{herbert89,
  author = {M\"uther, H. and Polls, A. and Kuo, T. T. S.},
  journal = {Nucl. Phys. A},
  year = {1985},
  volume = {435},
  pages = {548}
}

@ARTICLE{tenglek2000,
  author = {Ma., W. C. and Martin, V. and Khoo, T. L. and Lauritsen, T. and Egido,
	J. L. and Ahmad, I. and Bhattacharyya, P. and Carpenter, M. P. and
	Daly, J. P. and Grabowksy, Z. W. and Hamilton, J. H. and Janssens,
	R. V. F. and Nisius, D. and Ramayya, A. V. and Varmette, P. G. and
	Zhang, C. T.},
  journal = {Phys. Rev. Lett.},
  year = {2000},
  volume = {84},
  pages = {5967}
}

@ARTICLE{bonn-cd,
  author = {Machleidt, R.},
  journal = {Phys. Rev. C},
  year = {2001},
  volume = {63},
  pages = {024001}
}

@ARTICLE{mach89,
  author = {Machleidt, R.},
  journal = {Adv. Nucl. Phys.},
  year = {1989},
  volume = {19},
  pages = {189}
}

@ARTICLE{bonn,
  author = {Machleidt, R. and Holinde, K. and Elster, Ch.},
  journal = {Phys. Rep.},
  year = {1987},
  volume = {149},
  pages = {1}
}

@ARTICLE{cdbonn96,
  author = {Machleidt, R. and Sammarruca, F. and Song, Y.},
  journal = {Phys. Rev. C},
  year = {1996},
  volume = {53},
  pages = {1483}
}

@ARTICLE{mastellone98,
  author = {Mastellone, A. and Falci, G. Fazio, R.},
  journal = {Phys. Rev. Lett.},
  year = {1998},
  volume = {80},
  pages = {4542}
}

@ARTICLE{matera97,
  author = {Matera, F. and Fabbri, G. and Dellafiore, A.},
  journal = {Phys. Rev. C},
  year = {1997},
  volume = {56},
  pages = {228}
}

@ARTICLE{mayer_50,
  author = {Mayer, M.G.},
  journal = {Phys. Rev.},
  year = {1950},
  volume = {78},
  pages = {22}
}

@ARTICLE{oslo3,
  author = {Melby, E. and Bergholt, L. and Guttormsen, M. and Hjorth-Jensen,
	M. and Ingebretsen, F. and Messelt, S. and Rekstad, J. and Schiller,
	A. and Siem, S. and {\O}degard, S.W.},
  journal = {Phys. Rev. Lett.},
  year = {1999},
  volume = {83},
  pages = {3150}
}

@ARTICLE{MG01,
  author = {Melby, E. and Guttormsen, M. and Rekstad, J. and Schiller, A. and
	Siem, S. and and Voinov, A.},
  journal = {Phys. Rev. C},
  year = {2001},
  volume = {63},
  pages = {044309}
}

@ARTICLE{migdal_59,
  author = {Migdal, A.B.},
  journal = {Nucl. Phys.},
  year = {1959},
  volume = {13},
  pages = {655}
}

@ARTICLE{Mol75,
  author = {Molinari, A. and Johnson, M.B. and Bethe, A.A. and Alberico, W.M.},
  journal = {Nucl. Phys. A},
  year = {1975},
  volume = {239},
  pages = {45}
}

@ARTICLE{moretto01,
  author = {Moretto, L. G. and Elliott, J. B. and Phair, L. and Wozniak, G. J.},
  journal = {preprint nucl-th/0012037},
  year = {2001}
}

@ARTICLE{mottelson60,
  author = {Mottelson, B.R. and Valantin, J.G.},
  journal = {Phys. Rev. Lett.},
  year = {1960},
  volume = {5},
  pages = {511}
}

@ARTICLE{mueller,
  author = {Mueller, A. C. and Sherril, B. M.},
  journal = {Ann. Rev. Nucl. Part. Phys.},
  year = {1993},
  volume = {43},
  pages = {529}
}

@ARTICLE{muhlhans83,
  author = {Muhlhans, K. and Muller, E. and Mosel, U. and Goodman, A.},
  journal = {Z. PHys. A},
  year = {1983},
  volume = {313},
  pages = {133}
}

@ARTICLE{mulhall00,
  author = {Mulhall, D. and Volya, A. and Zelevinsky, V.},
  journal = {Phys. Rev. Lett.},
  year = {2000},
  volume = {85},
  pages = {4016}
}

@BOOK{Mye77,
  title = {Droplet model of atomic nuclei},
  publisher = {Plenum},
  year = {1977},
  author = {Myers, W.D.},
  place = {New York}
}

@ARTICLE{Mye66,
  author = {Myers, W.D. and Swiatecki, W.J.},
  journal = {Nucl. Phys. A},
  year = {1966},
  volume = {81},
  pages = {1}
}

@ARTICLE{NA97,
  author = {Nakada, H. and Alhassid, Y.},
  journal = {Phys. Rev. Lett.},
  year = {1997},
  volume = {79},
  pages = {2939}
}

@ARTICLE{barrett,
  author = {Navratil, P. and Vary, J.P. and Ormand, W.E. and Barrett, B.R.},
  journal = {Phys. Rev. Lett.},
  year = {2001},
  volume = {87},
  pages = {172502}
}

@ARTICLE{nayak_95,
  author = {Nayak, R.C. and Pearson, J.M.},
  journal = {Phys. Rev. C},
  year = {1995},
  volume = {52},
  pages = {2254}
}

@ARTICLE{newton56,
  author = {Newton, T.D.},
  journal = {Can. J. Phys.},
  year = {1956},
  volume = {36},
  pages = {804}
}

@ARTICLE{nogami,
  author = {Nogami, Y.},
  journal = {Phys. Rev.},
  year = {1964},
  volume = {134},
  pages = {313}
}

@ARTICLE{nsr85,
  author = {Nozieres, P. and Schmitt-Rink, S.},
  journal = {J. Low Temp. Phys.},
  year = {1985},
  volume = {59},
  pages = {195}
}

@ARTICLE{ogan99,
  author = {Oganessian, Yu. Ts. and Zagrebaev, V.I. and Vaagen, J.S.},
  journal = {Phys. Rev. Lett.},
  year = {1999},
  volume = {82},
  pages = {4996}
}

@ARTICLE{page2000,
  author = {Page, D. and Prakash, M. and Lattimer, J. M. and Steiner, A.},
  journal = {Phys. Rev. Lett.},
  year = {2000},
  volume = {85},
  pages = {2048}
}

@ARTICLE{pb98,
  author = {Papenbrock, T. and Bertsch, G. F.},
  journal = {Phys. Rev. C},
  year = {1999},
  volume = {59},
  pages = {2052}
}

@ARTICLE{papen02,
  author = {Papenbrock, T. and Kaplan, L. and Bertsch, G.F.},
  journal = {Phys. Rev. B},
  year = {2002},
  volume = {65},
  pages = {235120}
}

@ARTICLE{peter99,
  author = {Peter, I. and von Oertzen, W. and Bohlen, H.G. and Gadea, A. and
	Gebauer, B. and Gerl, J. and Kaspar, M. and Kozhoukharov, I. and
	Kr\"oll, T. and Rejmund, M. and Schlegel, C. and Thummerer, S. and
	Wollersheim, H.J.},
  journal = {Euro. Phys. Journ. A},
  year = {1999},
  volume = {4},
  pages = {313}
}

@ARTICLE{pethick1992,
  author = {Pethick, C. J.},
  journal = {Rev. Mod. Phys.},
  year = {1992},
  volume = {64},
  pages = {1133}
}

@ARTICLE{pr95,
  author = {Pethick, C. J. and Ravenhall, D. G.},
  journal = {Ann. Rev. Nucl. Part. Phys.},
  year = {1995},
  volume = {45},
  pages = {429}
}

@ARTICLE{petrovici00,
  author = {Petrovici, A. and Schmid, K.W. and Faessler, A.},
  journal = {Nucl. Phys. A},
  year = {2000},
  volume = {665},
  pages = {333}
}

@ARTICLE{ph2000,
  author = {Pleimling, M. and H\"{u}ller, A.},
  journal = {preprint cond-mat/0011116}
}

@ARTICLE{poves98,
  author = {Poves, A. and Martinez-Pinedo, G.},
  journal = {Phys. Lett. B},
  year = {1998},
  volume = {430},
  pages = {203}
}

@ARTICLE{kb3a,
  author = {Poves, A. and Zuker, A.},
  journal = {Phys. Rep.},
  year = {1981},
  volume = {70},
  pages = {235}
}

@ARTICLE{kb3b,
  author = {Poves, A. and Zuker, A.},
  journal = {Phys. Rep.},
  year = {1981},
  volume = {71},
  pages = {141}
}

@ARTICLE{Vijay,
  author = {Pudliner, B.S. and Pandharipande, V.R. and Carlson, J. and Wiringa,
	R.B.},
  journal = {Phys. Rev. Lett.},
  year = {1995},
  volume = {74},
  pages = {4396}
}

@ARTICLE{qf_78,
  author = {Quentin, P. and Flocard, H.},
  journal = {Ann. Rev. Nucl. Sci.},
  year = {1978},
  volume = {28},
  pages = {523}
}

@ARTICLE{ropke00,
  author = {R\"opke, G. and Schnell, A. and Schuck, P. and Lombardo, U.},
  journal = {Phys. Rev. C},
  year = {2000},
  volume = {61},
  page = {024306}
}

@ARTICLE{racah_42,
  author = {Racah, G.},
  journal = {Phys. Rev.},
  year = {1942},
  volume = {62},
  pages = {438}
}

@ARTICLE{racah_53,
  author = {Racah, G. and Talmi, I.},
  journal = {Phys. Rev.},
  year = {1953},
  volume = {89},
  pages = {913}
}

@ARTICLE{tinkham95,
  author = {Ralph, D. C. and Black, C. T. and Tinkham, M.},
  journal = {Phys. Rev. Lett},
  year = {1995},
  volume = {74},
  pages = {3241}
}

@ARTICLE{richardson2002,
  author = {Richardson, R. W.},
  journal = {cond-mat/0203512},
  year = {2002}
}

@ARTICLE{richardson4,
  author = {Richardson, R. W.},
  journal = {J. Math. Phys.},
  year = {1967},
  volume = {18},
  page = {1802}
}

@ARTICLE{richardson7,
  author = {Richardson, R. W.},
  journal = {Phys. Rev.},
  year = {1967},
  volume = {159},
  page = {792}
}

@ARTICLE{richardson5,
  author = {Richardson, R. W.},
  journal = {Phys. Rev.},
  year = {1966},
  volume = {141},
  page = {949}
}

@ARTICLE{richardson6,
  author = {Richardson, R. W.},
  journal = {Phys. Rev.},
  year = {1966},
  volume = {144},
  page = {874}
}

@ARTICLE{richardson2,
  author = {Richardson, R. W.},
  journal = {Phys. Lett.},
  year = {1965},
  volume = {14},
  page = {325}
}

@ARTICLE{richardson3,
  author = {Richardson, R. W.},
  journal = {J. Math. Phys.},
  year = {1965},
  volume = {6},
  page = {1034}
}

@ARTICLE{richardson1,
  author = {Richardson, R. W.},
  journal = {Phys. Lett.},
  year = {1963},
  volume = {3},
  page = {277}
}

@ARTICLE{Richter,
  author = {Richter, W.A. and Vandermerwe, M.G. and Julies, R.E. and Brown ,
	B.A.},
  journal = {Nucl. Phys. A},
  year = {1991},
  volume = {523},
  pages = {325}
}

@ARTICLE{ried80,
  author = {Riedinger, L. L. and Andersen, O. and Frauendorf, S. and Garrett,
	J. D. and Gaardh{\o}ye, J. J. and Hagemann, G. B. and Herskind, B.
	and Makovetzky, Y. V. and Waddington, J. C. and Guttormsen, M. and
	Tj{\o}m, P. O.},
  journal = {Phys. Rev. Lett.},
  year = {1980},
  volume = {44},
  pages = {568}
}

@ARTICLE{riisager,
  author = {Riisager, K.},
  journal = {Rev. Mod. Phys.},
  year = {1994},
  volume = {66},
  pages = {1105}
}

@ARTICLE{dukelsky2002,
  author = {Roman, J. M. and Sierra, G. and Dukelsky, J.},
  journal = {Nucl. Phys. B},
  year = {2002},
  volume = {634},
  pages = {483}
}

@ARTICLE{RH98,
  author = {Rombouts, S. and Heyde, K. and Jachowicz, N.},
  journal = {Phys. Rev. C},
  year = {1998},
  volume = {58},
  pages = {3295}
}

@ARTICLE{rudolph96,
  author = {Rudolph, D. and et al},
  journal = {Phys. Rev. Lett.},
  year = {1996},
  volume = {76},
  pages = {376}
}

@ARTICLE{sandulescu97,
  author = {Sandulescu, N. and Liotta, R. J. and Blomqvist, J. and Engeland,
	T. and Hjorth-Jensen, M. and Holt, A. and Osnes, E.},
  journal = {Phys. Rev. C},
  year = {1997},
  volume = {55},
  pages = {2708}
}

@ARTICLE{SY63,
  author = {Sano, M. and Yamasaki, S.},
  journal = {Prog. Theo. Phys.},
  year = {1963},
  volume = {29},
  pages = {397}
}

@ARTICLE{Sat97,
  author = {Satula, W. and Dean, D.J. and Gary, J. and Mizutori, S. and Nazarewicz
	, W.},
  journal = {Phys. Lett. B},
  year = {1997},
  volume = {407},
  pages = {103}
}

@ARTICLE{satula01,
  author = {Satula, W. and Wyss, R.},
  journal = {Phys. Rev. Lett.},
  year = {2001},
  volume = {87},
  pages = {052504}
}

@BOOK{glitch,
  title = {Timing Neutron Stars, edited by H. \"{O}gelman and E. P. J. van den
	Heuvel},
  publisher = {Kluwer},
  year = {1989},
  author = {Sauls, J.A.},
  pages = {457},
  place = {Dordrecht}
}

@ARTICLE{balberg1999,
  author = {Schaab, C. and Balberg, S. and Schaffner-Bielich, J.},
  journal = {Ap. J.},
  year = {1998},
  volume = {509},
  pages = {L99}
}

@ARTICLE{schaab1996a,
  author = {Schaab, C. and Voskresensky, D. and Sedrakian, A. D. and Weber, F.
	and Weigel, M. K.},
  journal = {Astron. Astrophys.},
  year = {1997},
  volume = {321},
  pages = {591}
}

@ARTICLE{schaab1996b,
  author = {Schaab, C. and Weber, F. and Weigel, M. K.. and Glendenning, N. K.},
  journal = {Nucl. Phys. A},
  year = {1996},
  volume = {605},
  pages = {531}
}

@ARTICLE{Sch71,
  author = {Schiffer, J.P.},
  journal = {Ann. Phys.},
  year = {1971},
  volume = {66},
  pages = {78}
}

@ARTICLE{andreas2000,
  author = {Schiller, A. and Bergholt, L. and Guttormsen, M. and Melby, E. and
	Rekstad, J. and Siem, S.},
  journal = {Nucl. Instrum. Methods Phys. Res. A},
  year = {2000},
  volume = {447},
  pages = {498}
}

@ARTICLE{schiller99,
  author = {Schiller, A. and Bjerve, A. and Guttormsen, M. and Hjorth-Jensen,
	M. and Ingebretsen, F. and Melby, E. and Messelt, S. and Rekstad,
	J. and Siem, S. and {\O}degard, S.W.},
  journal = {Phys. Rev. C},
  year = {2000},
  volume = {62},
  pages = {024306}
}

@ARTICLE{schiller2001,
  author = {Schiller, A. and Bjerve, A. and Guttormsen, M. and Hjorth-Jensen,
	M. and Ingebretsen, F. and Melby, E. and Messelt, S. and Rekstad,
	J. and Siem, S. and {\O}deg{\aa}rd, S.W.},
  journal = {Phys. Rev. C},
  year = {2001},
  volume = {63},
  pages = {021306R}
}

@ARTICLE{andreasheherect,
  author = {Schiller, A. and Guttormsen, M. and Melby, E. and Rekstad, J. and
	Siem, S.},
  journal = {Phys. Rev. C},
  year = {2000},
  volume = {61},
  page = {044314}
}

@BOOK{gorkov,
  title = {Theory of Superconductivity},
  publisher = {Addison-Wesley},
  year = {1964},
  author = {Schrieffer, J. R.},
  place = {New York}
}

@ARTICLE{sclbl96,
  author = {Schulze, H.-J. and Cugnon, J. and Lejeune, A. and Baldo, M. and Lombardo,
	U.},
  journal = {Phys. Lett. B},
  year = {1996},
  volume = {375},
  pages = {1}
}

@ARTICLE{spr2001,
  author = {Schulze, H.-J. and Polls, A. and Ramos, A.},
  journal = {Phys. Rev. C},
  year = {2001},
  volume = {63},
  pages = {044310}
}

@ARTICLE{sedrakian1997,
  author = {Sedrakian, A. and Alm, T. and Lombardo, U.},
  journal = {Phys. Rev. C},
  year = {1997},
  volume = {55},
  pages = {R582}
}

@ARTICLE{sedrakian2000,
  author = {Sedrakian, A. and Lombardo, U.},
  journal = {Phys. Rev. Lett.},
  year = {2000},
  volume = {84},
  pages = {602}
}

@ARTICLE{sw86,
  author = {Serot, B. D. and Walecka, J. D.},
  journal = {Adv. Nucl. Phys.},
  year = {1986},
  volume = {16},
  pages = {1}
}

@ARTICLE{milena2001,
  author = {Serra, M.},
  journal = {Phd thesis},
  year = {2001},
  volume = {University of M\"unchen},
  pages = {unpublished}
}

@BOOK{shapiro,
  title = {Black holes, white dwarfs, and neutron stars: the physics of compact
	objects},
  publisher = {Wiley},
  year = {1983},
  author = {Shapiro, S. L. and Teukolsky, S. A.},
  place = {New York}
}

@ARTICLE{shergur2002,
  author = {Shergur, J. and Brown, B. A. and Fedoseyev, V. and Koester, U. and
	Kratz, K.-L. and Sewerinyak, D. and Walters, W. B. and Woehr, A.
	and Fedorov, D. and Hannawald, M. and Hjorth-Jensen, M. and Mishin,
	V. and Pfeiffer, B. and Ressler, J. J. and Fynbo, H. and Hoff, P.
	and Mach, H. and Nilsson, T. and Rolander, K. and Simon, H. and Bickley,
	A. and the ISOLDE Collaboration},
  journal = {Phys. Rev. C},
  year = {2002},
  volume = {65},
  pages = {034313}
}

@ARTICLE{Shimizu89,
  author = {Shimizu, Y. R. and Garrett, J. D. and Broglia, R. A. and Gallardo,
	M. and Vigezzi, E.},
  journal = {Rev. Mod. Phys.},
  year = {1989},
  volume = {61},
  pages = {131}
}

@ARTICLE{sk_59,
  author = {Skyrme, T.H.R.},
  journal = {Nucl. Phys.},
  year = {1959},
  volume = {9},
  pages = {615}
}

@ARTICLE{sk_56,
  author = {Skyrme, T.H.R.},
  journal = {Phil. Mag.},
  year = {1956},
  volume = {1},
  pages = {1043}
}

@ARTICLE{smerzi1997,
  author = {Smerzi, A. and Ravenhall, D. G. and Pandharipande, V. R.},
  journal = {Phys. Rev. C},
  year = {1997},
  volume = {56},
  pages = {2549}
}

@ARTICLE{Snover,
  author = {Snover, K.},
  journal = {Ann. Rev. Nucl. Part. Sci.},
  year = {1986},
  volume = {36},
  pages = {545}
}

@ARTICLE{qsf,
  author = {Son, D. T.},
  journal = {Phys. Rev. D},
  year = {1999},
  volume = {59},
  pages = {094019}
}

@ARTICLE{stephenssimon,
  author = {Stephens, F. S. and Simon, R. S.},
  journal = {Nucl. Phys. A},
  year = {1972},
  volume = {183},
  page = {257}
}

@ARTICLE{nijmegen94,
  author = {Stoks, V.G.J. and Klomp, R.A.M. and Terheggen, C.P.F. and de Swart,
	J.J.},
  journal = {Phys. Rev. C},
  year = {1994},
  volume = {49},
  pages = {2950}
}

@ARTICLE{nijpwa,
  author = {Stoks, V. G. J. and Klomp, R. A. M. and Rentmeester, M. C. M. and
	de Swart, J. J.},
  journal = {Phys. Rev. C},
  year = {1993},
  volume = {48},
  pages = {792}
}

@ARTICLE{nij,
  author = {Stoks, V. G. J. and Klomp, R. A. M. and Terheggen, C. P. F. and de
	Swart, J. J.},
  journal = {Phys. Rev. C},
  year = {1993},
  volume = {48},
  pages = {792}
}

@ARTICLE{stoks2000,
  author = {Stoks, V. G. J. and Lee, T.-S. H.},
  journal = {Phys. Rev. C},
  year = {2000},
  volume = {60},
  pages = {024006}
}

@ARTICLE{stoks99,
  author = {Stoks, V. G. J. and Rijken, Th. A.},
  journal = {Phys. Rev. C},
  year = {1999},
  volume = {59},
  pages = {3009}
}

@ARTICLE{Suraud,
  author = {Suraud, E. and Gregoire, Ch. and Tamain, B.},
  journal = {Prog. Nucl. Part. Phys.},
  year = {1989},
  volume = {23},
  pages = {357}
}

@ARTICLE{taka2002,
  author = {Takatsuka, T.},
  journal = {Suppl. Prog. Theor. Phys.},
  year = {2002},
  volume = {in press}
}

@ARTICLE{cooling3,
  author = {Takatsuka, T. and Tamagaki, R.},
  journal = {Prog. Theor. Phys.},
  year = {1997},
  volume = {97},
  pages = {345}
}

@ARTICLE{taka93,
  author = {Takatsuka, T. and Tamagaki, R.},
  journal = {Prog. Theor. Phys. Suppl.},
  year = {1993},
  volume = {112},
  pages = {27}
}

@BOOK{talmi93,
  title = {Simple Models of Complex Nuclei},
  publisher = {Harwood Academic Publishers},
  year = {1993},
  author = {Talmi, I.},
  place = {Chur, Switzerland}
}

@ARTICLE{Tal62,
  author = {Talmi, I.},
  journal = {Rev. Mod. Phys.},
  year = {1962},
  volume = {34},
  pages = {704}
}

@ARTICLE{tam70,
  author = {Tamagaki, R.},
  journal = {Progr. Theor. Phys.},
  year = {1970},
  volume = {44},
  pages = {905}
}

@ARTICLE{TS82,
  author = {Tanabe, K. and Sugawara-Tanabe, K.},
  journal = {Nucl. Phys. A},
  year = {1982},
  volume = {390},
  pages = {385}
}

@ARTICLE{TS80,
  author = {Tanabe, K. and Sugawara-Tanabe, K.},
  journal = {Phys. Lett. B},
  year = {1980},
  volume = {97},
  pages = {357}
}

@ARTICLE{thompson70,
  author = {Thompson, R. H.},
  journal = {Phys. Rev. D},
  year = {1970},
  volume = {1},
  pages = {110}
}

@ARTICLE{tondeur_79,
  author = {Tondeur, F.},
  journal = {Nucl. Phys. A},
  year = {1979},
  volume = {315},
  pages = {353}
}

@ARTICLE{nstar,
  author = {Tsuruta, S.},
  journal = {Phys. Rep.},
  year = {1998},
  volume = {292},
  pages = {1}
}

@ARTICLE{cooling2,
  author = {Tsuruta, S.},
  journal = {Phys. Rep.},
  year = {1979},
  volume = {56},
  pages = {237}
}

@ARTICLE{oslo2,
  author = {Tveter, T.S. and Bergholt, L. and Guttormsen, M. and Melby, E. and
	Rekstad, J.},
  journal = {Phys. Rev. Lett.},
  year = {1996},
  volume = {77},
  pages = {2404}
}

@ARTICLE{uw,
  author = {Unna, I. and Weneser, J.},
  journal = {Phys. Rev.},
  year = {1965},
  volume = {137},
  pages = {B1455}
}

@ARTICLE{isacker99,
  author = {Van Isacker, P. and Juillet, O. and Nowacki, F.},
  journal = {Phys. Rev. Lett.},
  year = {1999},
  volume = {82},
  page = {2060}
}

@ARTICLE{vz02,
  author = {Velazques, V. and Zuker, A.P.},
  journal = {Phys. Rev. Lett.},
  year = {2002},
  volume = {88},
  pages = {072502}
}

@ARTICLE{isaac2000,
  author = {Vida\~na, I and Polls, A. and Ramos, A. and Engvik, L. and Hjorth-Jensen,
	M.},
  journal = {Phys. Rev. C},
  year = {2000},
  volume = {62},
  pages = {035801}
}

@ARTICLE{volya_3,
  author = {Volya, A.},
  journal = {Phys. Rev. C},
  year = {2002},
  volume = {65},
  pages = {044311}
}

@ARTICLE{volya_1,
  author = {Volya, A. and Brown, B. A. and Zelevinsky, V.},
  journal = {Phys. Lett. B},
  year = {2001},
  volume = {509},
  pages = {37}
}

@ARTICLE{volya_2,
  author = {Volya, A. and Zelevinsky, V. and Brown, B. A.},
  journal = {Phys. Rev. C},
  year = {2002},
  volume = {65},
  pages = {054312}
}

@ARTICLE{vonder91,
  author = {Vonderfecht, B. E. and Gearhart, C. C. and Dickhoff, W. H. and Polls,
	A. and Ramos, A.},
  journal = {Phys. Lett. B},
  year = {1991},
  volume = {253},
  pages = {1}
}

@ARTICLE{WK00,
  author = {White, J. A. and Koonin, S. E. and Dean, D. J.},
  journal = {Phys. Rev. C},
  year = {2000},
  volume = {61},
  pages = {034303}
}

@ARTICLE{whit77,
  author = {Whitehead, R. R. and Watt, A. and Cole, B. J. and Morrison, I.},
  journal = {Adv. Nucl. Phys.},
  year = {1977},
  volume = {9},
  pages = {123}
}

@ARTICLE{Wig37,
  author = {Wigner, E.P.},
  journal = {Phys. Rev.},
  year = {1937},
  volume = {51},
  pages = {106}
}

@ARTICLE{wilden,
  author = {Wildenthal, B.H.},
  journal = {Prog. Part. Nucl. Phys.},
  year = {1984},
  volume = {11},
  pages = {5}
}

@ARTICLE{wildenthal,
  author = {Wildenthal, B.H.},
  journal = {Prog. Part. Nucl. Phys.},
  year = {1984},
  volume = {11},
  pages = {5}
}

@ARTICLE{wiringa87,
  author = {Wiringa, R.B. and Stoks, V.G.J. and Schiavilla, R.},
  journal = {Phys. Rev. C},
  year = {1995},
  volume = {51},
  pages = {38}
}

@ARTICLE{fiks,
  author = {Wiringa, R. B. and Fiks, V. and Fabrocini, A.},
  journal = {Phys. Rev. C},
  year = {1988},
  volume = {38},
  pages = {1010}
}

@ARTICLE{v14,
  author = {Wiringa, R. B. and Smith, R. A. and Ainsworth, T. L.},
  journal = {Phys. Rev. C},
  year = {1984},
  volume = {29},
  pages = {1207}
}

@ARTICLE{v18,
  author = {Wiringa, R. B. and Stoks, V. G. J. and Schiavilla, R.},
  journal = {Phys. Rev. C},
  year = {1995},
  volume = {51},
  pages = {38}
}

@ARTICLE{leeyang52a,
  author = {Yang, C. N. and Lee, T. D.},
  journal = {Phys. Rev.},
  year = {1952},
  volume = {87},
  pages = {410}
}

@ARTICLE{leeyang52b,
  author = {Yang, C. N. and Lee, T. D.},
  journal = {Phys. Rev.},
  year = {1952},
  volume = {97},
  pages = {404}
}

@ARTICLE{yoshida1962,
  author = {Yoshida, S.},
  journal = {Nucl. Phys. A},
  year = {1962},
  volume = {33},
  page = {685}
}

@BOOK{zel96,
  title = {Handbook of Nuclear Properties, edited by D. Poenaru and W. Greiner},
  publisher = {Clarendon Press},
  year = {1996},
  author = {Zeldes, N. },
  pages = {13},
  place = {Oxford}
}

@BOOK{zeldes96,
  title = {Handbook of Nuclear Properties, edited. by D. Poenaru and W. Greiner},
  publisher = {Clarendon Press},
  year = {1996},
  author = {Zeldes, N.},
  volume = {85},
  pages = {13},
  place = {Oxford}
}

@ARTICLE{Zel76,
  author = {Zeldes, N. and Liran, S.},
  journal = {Phys. Lett. B},
  year = {1976},
  volume = {62},
  pages = {12}
}

@ARTICLE{volodya1996,
  author = {Zelevinsky, V. and Brown, B. A. and Frazier, N. and Horoi, M.},
  journal = {Phys. Rep.},
  year = {1996},
  volume = {276},
  pages = {85}
}

@ARTICLE{Zha89,
  author = {Zhang, J.-Y. and Casten, R.F. and Brenner, D.S.},
  journal = {Phys. Lett. B},
  year = {1989},
  volume = {227},
  pages = {1}
}

